3892 6025
350 656 416 729 '118

352 850 357 859 '
438 844 486 901 lla
511 862 546 899 au
564 844 710 915 stuttgart
733 844 816 899 Brev.
836 844 895 897 111.
921 839 1003 896 tto.
1031 842 1184 897 15511111.
1208 844 1272 911 (A).
1308 843 1360 897 Bei
1386 844 1571 901 1133131355
1596 849 1661 917 (Β)

349 932 402 989 Bai
420 930 569 989 33311
588 932 649 1001 (0).
685 930 735 986 Bel
754 931 912 985 Cltcllcceue
930 925 950 982 t'.
968 930 1002 981 21
1022 928 1085 998 (o)

438 1077 580 1142 23311131
599 1070 633 1125 de
650 1074 739 1124 matre
758 1067 812 1123 AG.
851 1068 883 1119 1⁵
901 1066 986 1121 lesus
1005 1062 1078 1119 fehlt
1095 1067 1128 1119 A.
1166 1069 1199 1121 16
1217 1073 1307 1122 sumet
1324 1069 1358 1123 at
1394 1071 1659 1140 cinomaneco,

350 1156 398 1218 mr
416 1161 468 1217 den
486 1160 558 1214 Vera
577 1158 689 1225 besser,
708 1156 777 1210 aber
794 1169 848 1209 vor
865 1152 921 1207 und
940 1152 1012 1206 nach
1032 1153 1108 1207 steht
1126 1153 1177 1207 das
1195 1154 1326 1209 Priscae.
1362 1156 1398 1210 ³2
1416 1153 1583 1212 famulemur
1601 1158 1660 1212 ΒΙ).

717 1510 802 1581 too.
839 1506 1020 1580 Johannis
1046 1504 1280 1604 evangelistae.

352 1726 496 1817 ¹Verbum
519 1749 586 1830 dei,
611 1748 673 1811 deo
696 1754 820 1827 natum,

355 1854 441 1939 quod
463 1872 523 1918 nec
545 1852 680 1933 lactum,
702 1870 763 1913 nec
786 1852 926 1913 creatum

396 1957 485 2021 venit
508 1955 548 2018 de
572 1954 774 2031 coelestibus‚

351 2062 416 2128 hoo
437 2058 530 2139 vidit,
554 2058 616 2121 hoc
639 2055 838 2133 attrectavit,

352 2165 416 2230 hoc
438 2161 479 2226 dc
501 2161 585 2227 coelo
609 2160 767 2222 reseravit
957 2160 977 2219 5

396 2267 564 2333 lohannes
585 2264 773 2328 hominibus.

352 2473 440 2543 Inter
462 2475 534 2539 illos
557 2473 736 2557 primitivos

351 2598 449 2644 veros
472 2578 542 2641 veri
564 2577 661 2641 fontia
684 2576 772 2639 rivos

396 2683 564 2748 Johannes
592 2680 709 2760 exiliit,

351 2786 412 2850 toti
433 2784 551 2848 mundo
574 2784 750 2866 propinare
937 2780 977 2841 10

351 2894 467 2953 1133131
489 2888 567 2950 illud
591 2886 752 2965 salutaro,

395 2990 481 3076 quod
504 2998 537 3055 te
561 2990 677 3054 throno
700 2986 828 3073 prodiit.

350 3195 475 3263 Ooelnm
499 3197 628 3278 transit,
651 3196 719 3257 veri
744 3201 848 3257 rotam

349 3301 429 3366 solis
451 3300 542 3364 videt
563 3300 625 3380 ibi,
649 3305 748 3362 totam

393 3403 508 3468 mentis
531 3402 636 3485 figens
660 3403 777 3466 aciem:
937 3403 976 3463 15

347 3508 537 3592 speculator
556 3507 709 3591 spiritalis

350 3611 442 3694 quasi
468 3609 629 3693 seraphim
653 3611 712 3674 sub
736 3609 795 3672 alis

395 3712 448 3776 dei
468 3712 558 3778 videt
580 3713 703 3777 facicm.

1030 1745 1102 1809 coeli
1126 1762 1196 1809 cum
1220 1746 1396 1810 sacrarium
1615 1751 1658 1814 30

996 1860 1002 1869 ·
1031 1848 1179 1914 Christus
1201 1868 1292 1913 snum
1315 1850 1415 1915 lilium

1030 1950 1097 2016 lilio
1120 1953 1251 2018 tonitrui

1030 2059 1090 2118 sub
1114 2057 1232 2119 amoris
1255 2056 1353 2119 mutui

1073 2178 1155 2241 pace
1180 2158 1422 2223 commendavit.

1030 2364 1145 2427 llaurit
1168 2359 1257 2425 virus
1280 2362 1333 2426 hic
1355 2362 1491 2443 lethale,
1614 2365 1657 2427 35

1030 2468 1086 2531 ubi
1108 2483 1226 2549 corpus
1248 2466 1409 2547 virginale

1074 2570 1177 2633 virtus
1199 2579 1309 2634 servat
1333 2568 1423 2633 fidei:

1030 2695 1129 2759 poena
1151 2684 1274 2757 stupet,
1295 2676 1381 2757 quod
1405 2677 1437 2738 in
1458 2695 1557 2760 poena

1032 2780 1072 2842 ait
1095 2777 1262 2843 lohannes
1283 2780 1353 2842 sinc
1375 2798 1473 2861 poena

1076 2880 1237 2947 bullientis
1259 2882 1332 2945 olei.
1615 2882 1659 2945 to

1032 3091 1093 3153 llic
1115 3090 1238 3153 naturis
1261 3089 1412 3173 imperat,

1032 3199 1067 3255 ut
1091 3199 1124 3254 et
1146 3210 1226 3254 saxa
1250 3190 1424 3254 transferat

1075 3294 1107 3355 in
1130 3291 1231 3356 ‹tecus
1253 3311 1449 3374 gemmarum
1461 3311 1470 3372 ;

1032 3413 1096 3477 quo
1114 3395 1249 3478 jubente
1273 3395 1389 3476 riguit,

1032 3517 1143 3562 aurum
1166 3498 1289 3561 fulvum
1310 3496 1413 3561 induit
1615 3501 1658 3562 15

1074 3601 1203 3683 virgula
1225 3600 1388 3664 silvarum.

966 3793 971 3804 ’
1031 3813 1091 3876 llic
1113 3811 1271 3875 infernum
1294 3817 1433 3891 reserat,

351 3912 466 3981 Audiit
488 3916 521 3980 in
543 3933 628 3998 gyro
651 3913 752 3994 sedis,

349 4017 428 4100 quid
450 4017 592 4101 psallant
614 4036 686 4082 cum
710 4015 896 4080 citharoedis
933 4017 975 4080 20

394 4127 508 4203 quater
531 4121 600 4183 aeni
623 4137 787 4202 proceres.

346 4221 391 4288 de
413 4223 522 4306 sigillo
545 4224 712 4304 trinitatis,

348 4335 471 4391 nostrae
493 4345 588 4391 numo
611 4328 750 4392 civitatis

392 4431 555 4514 impressit
578 4430 794 4495 characteres.

350 4635 414 4706 lste
437 4649 545 4704 custos
568 4641 704 4722 virginis
932 4643 973 4704 25

348 4759 501 4807 arcanum
524 4743 657 4825 originis

347 4841 467 4908 divinae
489 4847 692 4929 mysterium,

347 4949 493 5014 scribens
515 4952 733 5036 evangelium,

391 5051 509 5117 mundo
533 5053 735 5138 designavit3

1030 3916 1125 3979 morti
1140 3915 1250 3998 jubet,
1276 3915 1412 3994 1313131,

1074 4036 1154 4101 quos
1176 4038 1335 4096 venenum
1358 4016 1489 4095 stravit3

915 4155 916 4160 ¹
1031 4122 1179 4201 obstruit,
1203 4119 1290 4201 quod
1311 4118 1429 4200 Elaion,
1615 4122 1657 4183 50
1767 4172 1768 4183 ,

1030 4223 1202 4288 Corinthus
1226 4232 1259 4286 et
1280 4222 1428 4288 Marcion

1071 4327 1198 4412 perfide
1221 4326 1361 4392 latravit.

1027 4537 1127 4604 Volat
1147 4539 1217 4603 avis
1240 4539 1309 4603 sine
1331 4546 1436 4619 meta,

1028 4657 1091 4722 qno
1112 4659 1174 4704 nec
1196 4647 1290 4705 vates
1313 4659 1376 4704 nec
1397 4639 1560 4723 propheta

1071 4745 1215 4809 evolavit
1237 4746 1349 4826 altius;
1611 4747 1652 4806 55

1027 4857 1092 4911 tam
1114 4846 1278 4930 implenda
1301 4867 1395 4929 quam
1419 4847 1568 4931 impleta,

1026 4968 1187 5030 nunquam
1210 4948 1292 5012 vidit
1313 4956 1361 5013 tot
1384 4957 1511 5014 secreta

1070 5070 1170 5135 purus
1192 5052 1289 5117 homo
1308 5053 1429 5135 purius.
