3892 6025
402 802 465 866 166

400 991 462 1056 Hic
484 990 557 1053 lons
579 988 682 1069 larges
705 984 854 1069 pietatis,
1083 979 1140 1044 dat
1161 978 1295 1043 salutem
1320 977 1498 1060 destitutis,

403 1113 486 1178 opus
508 1093 572 1176 piae
595 1090 757 1173 largitatis
1083 1100 1178 1166 opem
1201 1082 1278 1145 vitae
1302 1080 1482 1145 constitutis

445 1194 582 1278 primum
605 1211 673 1255 suae
696 1190 807 1255 tribuit
989 1186 1029 1247 15
1126 1186 1238 1250 mortis
1260 1186 1293 1249 in
1317 1183 1464 1281 articulo.

402 1298 583 1369 sanctitatis
607 1301 845 1378 argumentum,

403 1401 485 1467 dans
508 1416 614 1483 egeno
637 1396 877 1477 vestimentum,
1081 1378 1251 1444 Arelatem
1276 1376 1514 1459 transfretavit,

447 1522 510 1586 quo
534 1521 571 1565 se
593 1501 697 1583 magis
719 1498 830 1563 induit.
1082 1485 1136 1550 bic
1159 1506 1177 1547 a
1200 1486 1293 1551 febre
1316 1484 1486 1548 revocavit

1125 1588 1223 1652 filiam
1248 1585 1448 1668 Theocritus,

402 1691 447 1758 Ut
469 1699 675 1775 compararet
698 1688 859 1768 coelicam,
1082 1691 1164 1756 fines
1187 1691 1268 1774 petit
1290 1690 1533 1770 Nemausorum,

404 1806 566 1861 terrenam
590 1794 681 1858 dedit
703 1794 858 1873 tunicam,
988 1789 1029 1853 20
1083 1797 1266 1880 gratuletur
1288 1816 1370 1879 gens
1394 1794 1571 1860 Gothorum

447 1897 536 1964 dedit
558 1900 653 1962 immo
677 1893 841 1977 vendidit,
1126 1907 1216 1964 tanto
1239 1900 1319 1964 felix
1340 1899 1478 1982 hospite,

404 2004 480 2067 emit
502 2003 585 2067 enim
608 1998 796 2085 largiendo,

404 2104 490 2188 qnod
514 2124 614 2169 avare
637 2100 834 2186 possidendo
1084 2088 1211 2154 Corvus
1234 2087 1326 2172 pavit
1347 2087 1379 2151 in
1403 2086 1534 2151 deserto

448 2210 569 2291 primus
592 2207 688 2272 h0m0
711 2204 861 2290 perdidit,
1084 2211 1212 2256 servum
1236 2188 1303 2272 dei,
1328 2209 1422 2271 quem
1445 2197 1560 2274 aperto

1127 2314 1241 2361 currus
1262 2294 1334 2359 tulit
1356 2299 1449 2374 abre,

405 2396 525 2461 Sanum
548 2416 648 2481 prece
671 2396 815 2480 pretiosa
990 2395 1030 2456 25
1083 2398 1148 2463 mel
1169 2397 1296 2460 locusta
1319 2396 1528 2479 praecursori,

404 2500 513 2565 reddit
535 2501 653 2581 virum,
678 2518 772 2580 quem
795 2499 905 2561 virosa
1084 2522 1185 2568 cerva
1206 2502 1310 2586 patris
1332 2501 1430 2585 hujus
1453 2502 1502 2564 ori

449 2606 659 2669 consumebat
682 2604 788 2681 laesi03
1127 2605 1181 2669 lac
1203 2604 1354 2688 propinat
1376 2605 1488 2667 ubere.

406 2713 503 2779 solvit
526 2712 620 2777 clave
642 2712 801 2776 labiorum

406 2823 439 2879 et
461 2816 581 2879 virtute
603 2816 790 2878 meritorum
1082 2792 1318 2879 Armipotentis
1341 2794 1491 2859 Ffaflffiae

450 2923 578 3000 captum
603 2937 622 2979 a
644 2915 811 2980 daemonio.
989 2916 1030 2977 30
1084 2917 1195 2979 segem
1219 2896 1344 2960 0ffl¹¹d⁰
1366 2897 1483 2979 &¹0¹5ae

1126 3001 1199 3084 regi
1223 3000 1431 3081 reconciliat,

405 3108 526 3174 Christi
549 3126 647 3172 verus
669 3107 810 3172 imitator
1083 3125 1173 3170 suum
1197 3106 1227 3169 ei
1251 3105 1326 3169 dum
1348 3114 1490 3187 reatum,

405 3211 607 3295 paupertatis
631 3209 667 3274 lit
689 3217 814 3274 amator
1083 3230 1103 3274 a
1125 3227 1189 3292 quo
1213 3210 1275 3274 sibi
1296 3209 1476 3273 revelatum

451 3323 484 3378 et
506 3314 629 3378 relictis
651 3314 797 3377 omnibns
1001 3393 1005 3402 Ι
1126 3320 1160 3376 et
1182 3312 1345 3376 dimissum
1367 3313 1500 3376 nnnbat.

408 3417 484 3482 exul
507 3417 590 3496 abit,
613 3415 697 3480 tollit
719 3434 865 3495 crucem,

405 3519 526 3583 mavult
543 3517 704 3581 Christum
727 3518 819 3598 sequi
842 3515 965 3597 ducem,
989 3517 1031 3578 35
1083 3505 1185 3570 N0bis
1208 3523 1289 3587 ergo
1312 3506 1472 3589 propitius

450 3640 544 3702 quam
568 3637 712 3702 praeesse
736 3619 878 3683 (lucibus
1084 3617 1214 3674 sanctus
1235 3617 1331 3692 pater
1356 3605 1516 3691 Aegioius

684 3711 686 3716 '
1125 3733 1259 3797 precum
1282 3732 1411 3777 suarum
1434 3711 1560 3795 aegide,

404 3811 554 3877 Praedam
577 3813 683 3877 ventis
707 3821 803 3894 atque
826 3813 907 3876 mari
1084 3833 1220 3897 gregem
1243 3835 1278 3878 se
1300 3816 1523 3879 venerantium

407 3915 500 3981 datos
523 3917 623 3981 munit
646 3917 781 3981 salutari
1081 3926 1204 3980 nostrae
1227 3916 1340 3980 salutis
1362 3917 1479 3981 ostium
1667 3919 1713 3981 65

446 4039 579 4104 precum
601 4021 863 4103 propugnaculo,
1126 4019 1278 4084 defendat
1308 4041 1327 4084 a
1350 4019 1531 4103 tyrannide.

493 4237 540 4292 ils.
566 4255 600 4293 zu
623 4238 800 4310 Luxemburg
822 4237 873 4292 No.
900 4236 970 4306 108,
984 4237 1011 4291 b.
1036 4255 1087 4293 aus
1106 4239 1168 4293 dem
1187 4242 1221 4292 12
1239 4240 1336 4294 Jabrb.
1373 4239 1423 4294 llic
1444 4243 1476 4293 15
1494 4240 1599 4295 let-utem
1618 4241 1714 4297 Verse

405 4326 468 4381 sind
493 4342 544 4381 eus
569 4327 630 4381 dem
658 4329 690 4381 13
714 4327 812 4383 Jahrb.
838 4326 1104 4398 nacbgescbrieben.
1142 4328 1199 4382 Das
1217 4328 1284 4384 Lied
1308 4327 1345 4384 ist
1370 4329 1442 4384 auclr
1466 4345 1523 4383 ron
1542 4328 1633 4384 (luido
1651 4345 1713 4384 von

405 4415 558 4470 Basoebes,

493 4558 529 4610 45
547 4556 703 4623 tebocritrc,
723 4555 769 4610 lls.
806 4557 841 4609 tu
859 4560 954 4626 gotor.
973 4555 1020 4610 lls.
1056 4558 1091 4610 ut
1109 4555 1197 4625 uberi,
1216 4557 1263 4612 lla.

492 4694 548 4749 Der
573 4695 700 4750 Breviar.
725 4695 849 4766 blogunt.
873 4697 925 4750 bat
951 4696 998 4750 ein
1022 4697 1141 4752 anderes
1164 4696 1233 4752 Lied
1257 4694 1310 4752 suf
1330 4695 1425 4752 diesen
1443 4695 1573 4768 lleiligen
1601 4697 1630 4750 in
1649 4693 1719 4752 mnf

404 4780 548 4852 Stroplren
566 4785 617 4837 mit
635 4782 738 4837 diesem
755 4781 870 4854 Ausang
888 4783 941 4854 (ad
957 4784 1063 4855 primas
1081 4788 1189 4856 resp.):

527 4887 639 4942 Festum
657 4888 748 4942 sancti
767 4887 879 4960 Aegidii
1165 4890 1213 4961 qui
1231 4904 1293 4944 cnm
1311 4889 1439 4960 supernis
1458 4888 1568 4944 civibus

528 4980 618 5032 mente
637 4975 762 5032 colamus
780 4975 867 5048 parili
1166 4992 1238 5032 nunc
1256 4977 1362 5050 gaudet
1380 4977 1407 5030 in
1427 4977 1597 5033 coelestibus.
