3892 6025
300 854 400 939 ipsius
424 856 531 920 omnia
999 858 1099 923 muita
1121 856 1201 923 tiuut
1224 859 1332 943 signa,

299 958 405 1039 specie
427 958 509 1022 mira
812 961 854 1023 45
995 958 1079 1025 fides
1102 962 1239 1043 crescit,

298 1062 437 1123 membra
459 1066 533 1124 sunt
556 1059 735 1143 elegantia:
994 1074 1164 1131 cassantur
1185 1066 1282 1131 idota.

198 1258 200 1333 J
248 1248 270 1308 8.
297 1243 398 1328 Crispi
421 1254 495 1309 sunt
517 1248 640 1329 crines,
998 1221 1060 1287 ΤΟ*
1082 1222 1184 1305 5ῑέ118
1208 1222 1342 1289 (ῙθῗθθῙῑῦ

198 1334 199 1347 ’
299 1346 378 1410 oculi
399 1346 560 1430 pendes,
994 1324 1082 1389 fulsit
1100 1326 1282 1409 apostotus,

297 1450 452 1533 praeosllit
475 1470 586 1516 omnes
606 1470 684 1517 caro
699 1450 853 1535 candida3
993 1425 1123 1490 ‘mem
1146 1426 1350 1513 fl³8⁰ll⁸t¹¹fr

994 1528 1178 1595 decollatur

297 1587 417 1655 oenus
441 1600 583 1675 satura,
811 1594 853 1657 ⁵⁰
993 1632 1134 1713 astragis
1157 1632 1289 1697 visibus.
1490 1636 1532 1701 το

297 1711 356 1756 vox
378 1700 544 1777 tamqnam
568 1698 659 1778 tuba,

296 1797 426 1860 vestitur
451 1817 596 1881 purpura
618 1793 793 1881 P¹¹⁰¹i⁰⁸⁰·“
906 1852 956 1913 11.
990 1846 1078 1911 Gens
1100 1849 1317 1931 bissenamm,

992 1972 1074 2035 quas
1096 1952 1258 2016 convertit
1281 1951 1462 2035 civitatum,

991 2073 1111 2139 corpus
1132 2055 1242 2119 visitat
1265 2058 1410 2137 beatum,

248 1985 270 2045 9.
295 1982 450 2050 Continuo

296 2098 435 2153 sanctum
460 2098 622 2173 quaerunt,

297 2195 440 2273 quoniam
463 2194 558 2278 signa
809 2198 851 2258 55
992 2208 1119 2294 Sepelit
1135 2210 1215 2274 illud

297 2296 455 2378 patranda
478 2306 645 2363 noverunt.
991 2312 1089 2396 digne
1128 2314 1260 2396 dignum
1305 2314 1338 2376 in
1376 2313 1486 2397 sepul·

297 2430 326 2495 A
347 2433 496 2498 daemone
1269 2416 1391 2497 chrum,
1488 2417 1529 2477 ’15

296 2536 341 2599 vir
361 2538 534 2602 mundatur
540 2589 548 2621 ‚
990 2516 1118 2582 scandit
1139 2517 1272 2601 spiritus
1294 2518 1327 2580 in
1350 2518 1456 2582 altum.

297 2642 434 2722 stragis
458 2650 534 2707 nata

297 2752 399 2808 curata
422 2745 562 2811 laetatur,
809 2748 850 2813 60
902 2734 953 2796 12.
986 2731 1091 2815 Ipsius
1113 2732 1169 2815 pio
1191 2738 1329 2815 precatu

988 2852 1064 2916 nos,
1088 2835 1186 2918 deus,
1210 2858 1230 2901 a
1252 2845 1346 2901 reatu

249 2932 369 2998 tticum
387 2956 470 3020 rege
491 2938 612 3003 familia
988 2938 1134 3021 digneris
1158 2942 1330 3022 absolvero

296 3039 391 3104 credit
414 3049 451 3105 et
471 3043 592 3126 patria,
987 3052 1108 3126 tuoque
1132 3063 1235 3126 regno
1253 3045 1405 3129 jungere.
1484 3044 1527 3108 80

315 3225 358 3280 Hs.
377 3228 430 3282 des
449 3228 624 3299 ehemaligen
642 3229 775 3285 Klosters
795 3227 984 3301 Kreuzliogen
1005 3228 1050 3285 bei
1069 3230 1222 3297 Konstantia,
1243 3226 1528 3285 ettamunster

248 3307 350 3368 ilslodie.
385 3315 452 3387 Vgl.
472 3315 545 3371 Acta
563 3315 614 3372 SS.
633 3318 704 3389 Aug.
723 3319 748 3386 5,
767 3319 811 3371 34.

315 3439 345 3490 15
362 3437 557 3506 constetuisti,
573 3439 621 3494 Hs.
665 3439 702 3493 20
721 3439 839 3508 emente,
862 3439 909 3496 Hs.
954 3441 990 3493 40
1008 3439 1149 3506 clamitet,
1176 3439 1224 3494 Hs.
1269 3440 1305 3492 49
1332 3454 1427 3493 omnes
1452 3435 1527 3494 fehlt

248 3518 287 3576 der
305 3525 361 3595 Hs,
393 3527 446 3582 der
470 3528 543 3582 Vere
576 3528 710 3600 verlungt
733 3529 803 3585 aber
827 3529 873 3583 ein
897 3528 1099 3600 zweisytbiges
1126 3528 1228 3596 Wert;
1264 3527 1344 3581 caud.
1368 3542 1452 3594 caru,
1479 3526 1530 3582 Hs.

249 3609 273 3660 il
288 3615 412 3684 quamuis,
432 3615 479 3670 Hs.
507 3617 541 3670 59
556 3615 601 3670 die
614 3617 661 3670 Hs
680 3617 730 3671 hat
747 3632 800 3672 nnr
817 3632 874 3671 rex.
910 3617 945 3670 62
964 3621 995 3671 et
1011 3614 1084 3672 fehlt
1101 3615 1151 3670 der
1168 3616 1216 3670 lis.
1253 3616 1287 3668 65
1307 3620 1462 3683 cessantur,
1480 3614 1528 3671 ils.

316 3769 363 3825 Ein
381 3772 500 3828 anderes
518 3772 585 3827 Lied
603 3773 657 3828 eut'
670 3774 767 3828 diesen
783 3774 903 3844 Apostel
927 3774 1004 3828 steht
1024 3773 1052 3828 in
1074 3774 1153 3829 einer
1170 3773 1217 3828 ils.
1235 3789 1271 3827 nu
1287 3770 1527 3829 Pommerst'elden

248 3850 285 3906 des
301 3858 330 3909 14
345 3859 442 3914 Jahrb.
461 3860 511 3915 mit
529 3861 634 3915 diesem
652 3858 783 3933 Aufeng:

333 3963 486 4021 (tondemus
506 3983 601 4022 omnes
620 3967 718 4023 inclita
1000 3949 1204 4021 Bartholnmaei
1224 3965 1332 4020 merita.

573 4251 659 4326 714.
696 4251 754 4322 De
779 4276 807 4322 s.
834 4248 975 4322 Thomu
1002 4248 1173 4349 apostolo.

249 4441 364 4533 Thomu,
387 4459 605 4537 praesumptor
627 4454 762 4537 nobilis,
901 4453 1059 4538 spondes,
1083 4454 1170 4535 quod
1193 4454 1261 4535 vis,
1285 4471 1349 4517 non
1371 4451 1505 4534 moriar,

249 4544 305 4612 dum
325 4555 437 4639 palpas
459 4557 575 4621 vulnus
598 4557 710 4622 lateris
902 4555 988 4638 quod
1011 4557 1038 4619 si
1063 4563 1095 4619 te
1118 4555 1233 4620 ducem
1255 4555 1381 4638 patiar,

249 4653 325 4718 etde
348 4658 462 4726 auditis
485 4658 631 4742 dubitus,

251 4753 309 4818 nihi
329 4762 428 4826 risum
452 4763 634 4829 admoneas.
901 4745 985 4812 Illud
1006 4747 1069 4810 5201
1091 4744 1285 4829 ”6310‘1581'2

900 4850 933 4912 in
957 4865 1021 4930 quo
1043 4847 1169 4929 vivam,
1191 4864 1257 4911 non
1279 4846 1416 4927 moriar,
1485 4845 1524 4908 to

252 4941 297 5008 Pia
315 4950 385 5016 mihi
407 4952 537 5036 fidncia,
828 4957 848 5017 5
901 4960 934 5017 et
957 4951 999 5016 ad
1021 4951 1121 5015 vitale
1144 4949 1296 5034 gaudium

251 5053 293 5112 tus
311 5055 466 5136 spondens
489 5057 645 5142 suffragia
901 5063 1062 5119 transeam
1085 5061 1161 5139 post
1183 5057 1247 5120 hoc
1268 5055 1430 5118 saeculum.
