3892 6025
404 678 470 743 180

403 866 455 935 Eu
477 864 594 951 Agnes
616 869 690 934 coeli
712 868 852 951 civibus,
1082 868 1213 933 intextis
1235 870 1357 954 passim
1384 873 1538 956 stragulis
1670 879 1713 942 15

447 990 506 1038 suo
530 972 705 1057 conjuncta
727 972 838 1056 coetui,
990 974 1030 1037 10
1125 990 1198 1036 cum
1220 974 1354 1056 gemmis
1376 978 1629 1044 coruscantibus.

402 1074 604 1160 praefulgens
628 1076 838 1159 apparatibus

447 1177 541 1243 adest
563 1177 722 1243 tradenda
743 1179 865 1263 nuptui.
1082 1158 1135 1225 Sit
1156 1181 1242 1245 agno
1265 1164 1338 1247 regi
1360 1164 1477 1248 gloriae

1125 1263 1216 1347 laus,
1240 1263 1342 1331 decue
1364 1274 1398 1331 et
1419 1267 1606 1352 imperium,

403 1365 567 1433 connexu
590 1369 660 1432 auri
682 1366 789 1431 fibulis
1082 1366 1176 1451 cujus
1197 1367 1313 1433 fruitur
1335 1369 1420 1436 facie

445 1479 497 1536 eet
517 1469 630 1536 induta
652 1470 848 1554 duplicibus,
1124 1467 1242 1554 Agrea
1259 1472 1360 1555 jubar
1381 1474 1571 1540 coelestium.
1666 1474 1709 1541 20

470 1726 471 1732 ἵ
490 1652 664 1709 Karlsruher
680 1653 728 1709 lle.
749 1670 775 1711 u.
794 1654 846 1711 Nu.
866 1655 899 1709 15
917 1653 1017 1711 semu.
1035 1654 1087 1708 mit
1104 1653 1155 1709 ‹ler
1172 1654 1302 1711 maledie.

728 1971 814 2047 775.
853 1972 911 2044 De
935 2000 964 2045 s.
993 1967 1146 2072 Agnele.
1180 1970 1226 2043 ad
1247 1974 1392 2045 tertiam.

399 2172 515 2258 Agnes
537 2176 569 2239 iu
593 2176 670 2259 agui
693 2176 808 2240 solium
1077 2179 1282 2262 Praeiulgeua
1305 2178 1487 2246 diademate

444 2296 516 2343 cum
533 2275 638 2361 jubilo
662 2277 855 2359 traducitur,
1122 2282 1166 2347 ad
1188 2283 1335 2348 dextram
1358 2285 1436 2367 agui
1458 2284 1596 2369 residet,
1666 2289 1706 2354 10

401 2398 466 2465 quo
488 2381 602 2464 regale
624 2382 820 2465 conjugium,
1078 2385 1291 2469 psallentibus
1311 2387 1345 2449 in
1368 2397 1518 2452 neumate

444 2504 515 2551 cum
536 2485 644 2567 gloria
667 2484 842 2569 perficitur.
1121 2488 1230 2555 charia
1252 2490 1368 2573 regina
1389 2490 1555 2575 praesidet.

398 2648 567 2719 Laetantur
588 2650 622 2715 iu
645 2650 795 2715 convivio
1005 2652 1025 2713 5

442 2754 606 2836 convivae,
627 2771 748 2838 sponsa
769 2752 886 2819 fruitur
1078 2743 1131 2830 Sit
1152 2767 1238 2831 agno
1256 2750 1328 2832 regi
1350 2756 1412 2816 etc.

397 2858 432 2922 iu
453 2858 615 2941 virgiuum
637 2856 795 2939 triclinio,

442 2979 582 3048 apcuuus
604 2979 757 3047 sponsam
780 2962 993 3048 amplectitur.
1081 3009 1091 3028 .

484 3151 544 3206 Aua
563 3147 711 3205 deraelbeu
728 3150 785 3218 lla,
802 3148 895 3206 warin
914 3149 987 3204 auch
1004 3148 1050 3203 die
1068 3147 1198 3205 lielcdie.

485 3269 519 3324 V.
537 3273 563 3328 0.
591 3271 736 3341 diadema,
754 3267 891 3339 ἆνεπλόξω
909 3276 984 3343 νίκης
1002 3269 1131 3360 ecdippa.
1159 3271 1220 3329 ort
1237 3273 1281 3359 2l.
1308 3271 1337 3328 S.
1354 3272 1407 3329 No.
1426 3271 1488 3343 580,
1506 3275 1530 3327 1.

483 3391 645 3465 Fulgeudee
663 3391 751 3448 lune
768 3392 838 3448 lieu
861 3388 915 3448 aul
928 3391 1005 3448 dicae
1024 3391 1136 3465 lleilige
1155 3394 1234 3449 steht
1250 3393 1287 3447 im
1304 3392 1512 3448 Antidotarium
1530 3393 1630 3450 amimae
1648 3395 1704 3454 Nic.
1769 3465 1772 3470 Ι

399 3479 509 3535 Sulaeti.
527 3481 681 3553 urgeatur.
702 3481 779 3536 1401.
797 3479 818 3536 1.
838 3481 897 3538 lta
914 3478 971 3535 und
990 3478 1019 3534 iu
1037 3480 1088 3535 (lar
1104 3479 1153 3536 lla.
1171 3498 1206 3535 zu
1223 3480 1323 3550 llaiur,
1342 3481 1417 3552 Aug.
1435 3481 1487 3537 Nc.
1502 3483 1564 3538 130.
1581 3482 1625 3539 BL
1638 3485 1701 3540 2⁰1.

501 3566 525 3624 0
543 3584 654 3641 gemma
670 3568 830 3641 pudicitie,
1149 3567 1280 3639 puritatis
1297 3569 1505 3639 spectaculum,

498 3653 672 3726 virginitatis
690 3655 845 3727 speculum,
1061 3659 1063 3663 ’
1147 3654 1201 3710 duc
1217 3653 1254 3709 ad
1274 3657 1432 3726 trophaeum
1449 3655 1555 3728 gloriae

497 3741 586 3815 jubar
603 3743 779 3800 innocentiae.
1153 3758 1221 3812 uca,
1239 3744 1353 3815 Agnae,
1372 3741 1408 3797 ad
1426 3741 1595 3815 agniculum.

850 4063 935 4138 776.
963 4033 1030 4134 ¹De
1054 4087 1084 4134 a.
1105 4065 1259 4161 Agnete.

393 4266 528 4356 Aptata,
550 4265 675 4351 Agrea,
699 4263 848 4350 lampade
1072 4267 1225 4334 Formam
1247 4263 1380 4330 vivendi
1399 4265 1539 4350 instrue,

394 4375 436 4441 ad
458 4375 586 4460 nuptias
609 4374 636 4437 is
659 4371 758 4435 hodic
1072 4388 1133 4435 noa
1154 4388 1254 4455 prece
1276 4377 1333 4435 tua
1354 4369 1508 4454 confove,
1660 4374 1701 4440 10

393 4480 507 4544 aeterui
529 4479 619 4561 regia
642 4476 773 4560 gloriae,
1072 4482 1108 4540 ut
1129 4475 1290 4558 possimus
1312 4473 1466 4538 resistcre

331 4592 340 4610 ⁸
393 4602 492 4666 quem
511 4581 644 4646 laudant
668 4583 771 4646 turbae
793 4579 926 4645 ccelicae.
1073 4577 1175 4643 hostis
1196 4579 1301 4643 nostri
1321 4578 1482 4642 versutiae.

393 4771 494 4836 Grata
517 4772 657 4836 conviva
680 4773 806 4855 superis
999 4772 1018 4833 5
1072 4769 1250 4853 Exemplar
1271 4771 1348 4834 vitae
1369 4769 1530 4853 virginum

391 4877 516 4943 coelesti
539 4894 659 4960 sponso
678 4875 828 4960 jungeris
1073 4882 1161 4938 tuum
1182 4873 1321 4956 implora
1343 4872 1457 4955 lilium,

390 4980 542 5064 amplexu
567 4981 648 5045 casti
671 4980 817 5058 loederiS,
1072 4985 1107 5042 ut
1129 4976 1202 5061 ejus
1223 4997 1285 5060 per
1307 4976 1460 5041 auxilium

389 5082 550 5168 prudens,
573 5103 639 5149 nou
662 5102 795 5169 compar
817 5083 923 5148 fatuis.
1071 5081 1247 5163 migremus
1269 5101 1330 5164 per
1353 5081 1491 5146 exilium.
