3892 6025
257 642 435 708 -154

370 829 476 912 Gaeoi,
500 829 624 913 olaudi,
647 828 750 912 surdi,
773 830 852 895 muti
1089 837 1281 913 argumenta
1297 829 1385 913 fidei,

371 939 445 997 sunt
467 930 508 996 ad
532 950 623 997 usum
645 931 786 995 restituti
951 932 993 996 20
1047 949 1128 1015 ergo
1151 941 1276 1016 martyr
1297 934 1483 1016 invocetur,

414 1036 523 1101 divina
546 1036 733 1117 olomentia3
1046 1042 1081 1099 ut
1102 1054 1163 1119 per
1185 1055 1258 1099 eum
1280 1037 1373 1100 nobis
1397 1033 1493 1101 detur

369 1158 434 1206 non
458 1148 507 1204 est
524 1142 665 1221 morbus,
689 1158 783 1222 quem
805 1157 870 1204 non
892 1146 994 1223 aurat,
1090 1138 1132 1203 ad
1155 1147 1277 1205 aeterna
1298 1139 1446 1226 provehi.
1627 1141 1673 1206 30

371 1241 445 1307 dum
467 1243 652 1306 morbosum
672 1258 738 1306 non
760 1240 899 1307 obdurat
1299 1236 1303 1241 ’

412 1344 508 1409 tarra
531 1344 720 1409 diffidentia.
1045 1299 1102 1368 Aa
1125 1304 1200 1367 ooen
1221 1305 1376 1388 palatium

1046 1412 1134 1469 tuum
1156 1423 1216 1469 nos
1239 1407 1388 1471 solatium

368 1509 488 1575 Hostes
511 1508 631 1573 Christi
654 1507 784 1573 Christo
808 1506 935 1589 oedaut,
951 1507 992 1568 25
1090 1509 1229 1592 relevet,
1253 1528 1274 1574 o
1295 1511 1359 1596 pie.

368 1614 462 1696 signa
483 1613 584 1696 signis
607 1612 681 1677 dum
701 1609 893 1692 suooedant,

437 1800 485 1855 lis.
504 1816 561 1855 von
580 1800 608 1855 S.
627 1800 711 1855 Potor
731 1816 766 1854 un
784 1797 942 1853 llarlaruhe
959 1796 1013 1853 No.
1033 1799 1067 1851 16
1084 1812 1111 1867 p.
1129 1798 1190 1852 397.
1206 1796 1259 1852 mit
1275 1797 1325 1851 der
1345 1797 1475 1867 balodio,
1493 1799 1529 1851 to
1541 1797 1639 1854 Jahrb

648 2083 734 2158 745.
767 2084 825 2155 De
851 2079 1112 2155 conlassoribus
1139 2082 1384 2181 (troparium).

369 2293 400 2354 1.
429 2288 501 2352 Rex
522 2307 651 2371 regum,
674 2286 754 2352 deus
1110 2285 1190 2363 Quae
1212 2286 1297 2350 solet
1320 2286 1467 2352 inoautos

434 2399 546 2456 noster
568 2390 718 2471 colende,
1110 2389 1321 2473 depopulari,

1108 2494 1364 2577 praemonuisset

368 2607 398 2669 ²·
431 2603 479 2668 Tu
501 2602 680 2668 m⁰d⁰f⁸¹i⁸
702 2603 843 2669 militiam
1107 2632 1173 2697 lste
1196 2631 1359 2698 haereticis
1381 2632 1505 2697 invisus

432 2704 657 2787 christianam,
1109 2745 1207 2821 atquo
1227 2739 1381 2823 paganis,

431 2841 580 2907 Ballandi
602 2860 724 2925 gnaros
746 2841 894 2907 horribili
971 2842 991 2903 5
1110 2861 1172 2908 neo
1193 2860 1258 2905 non
1279 2840 1353 2924 regi
1374 2841 1511 2907 omnium

431 2950 547 3035 proelio
570 2948 783 3033 destinando,
1107 2965 1299 3032 pravorum,

433 3087 593 3154 Consules
614 3091 700 3157 solos
719 3090 908 3175 reipublioae
1109 3085 1236 3151 Gaudet
1257 3103 1294 3150 se
1316 3084 1435 3149 domini

1107 3187 1335 3272 participatum

1107 3300 1234 3374 tenero,
1256 3292 1369 3357 hostes
1390 3291 1463 3374 eJus

1107 3393 1277 3478 perforans
1298 3411 1371 3458 oum
1392 3393 1459 3457 illo.

430 3226 562 3311 Dando,
585 3230 761 3312 magistros
774 3229 837 3294 tuis
852 3229 990 3316 populis.

365 3444 396 3507 3.
427 3443 498 3508 Neo
522 3443 605 3506 euim
628 3443 751 3508 falleris

430 3544 573 3628 eligendi
595 3547 740 3630 ⁸³Pi⁰¹¹⁸r
951 3548 991 3610 ¹⁰
1042 3584 1073 3646 5.
1105 3581 1154 3646 Tu
1176 3583 1269 3647 nohis
1291 3584 1448 3666 triticum,

430 3682 531 3758 Quam
554 3681 607 3746 oni
628 3685 789 3764 subroges
1108 3685 1313 3770 dispeusator
1336 3687 1474 3769 optimo,

430 3785 620 3867 ministerio,
644 3783 733 3849 deus.
1106 3820 1272 3887 Doctrina,
1295 3821 1414 3887 domini

429 3923 481 3988 Ex
504 3924 618 4007 quihus
642 3932 692 3989 est
715 3943 809 3989 saoer
1107 3924 1272 4018 impertire
1291 3923 1433 4007 jugiter,

430 4029 492 4092 isle
514 4026 684 4108 δᾶθθῐᾱθῦ,
1107 4061 1281 4127 Goelestem
1304 4071 1462 4145 quatenus

431 4167 491 4243 oni
513 4167 545 4230 in
568 4187 650 4250 paco
675 4165 798 4250 degens
950 4171 989 4234 15
1107 4185 1253 4230 remeare
1278 4166 1416 4249 patriam

429 4271 579 4336 ecolessiffl
602 4279 726 4336 ⁸⁸³⁰(ae
793 4305 795 4308 ’
1109 4302 1273 4369 Possimus
1295 4305 1533 4372 abundantibus

1111 4408 1283 4492 alimoniis,

364 4487 394 4549 4.
427 4485 621 4553 consiliatus
645 4497 715 4572 est,
1124 4500 1129 4511 '
1208 4567 1211 4571 f

430 4591 568 4671 qualiter
590 4592 693 4658 hostis
1044 4601 1074 4662 6.
1107 4595 1248 4665 Omnes
1273 4598 1392 4665 Christi

428 4693 644 4777 inruptionem
1107 4707 1276 4787 praeoelse.
1626 4707 1669 4770 40

452 4852 514 4908 llas.
532 4871 567 4908 nu
584 4855 738 4925 hldnohen,
766 4855 833 4912 (ilua
854 4859 949 4914 1t8t5.
973 4855 1052 4914 iot.
1071 4877 1122 4915 aus
1140 4862 1203 4916 dem
1223 4866 1256 4917 12
1274 4863 1373 4918 Jahrb.
1402 4865 1458 4933 (Α)
1485 4862 1554 4920 clm.
1574 4863 1670 4916 rma.

363 4935 507 5081 {ababa}
531 4941 629 5099 dagob.
655 4943 720 5012 (B).
769 4942 816 4999 lis.
840 4963 875 5000 na
899 4946 1044 5020 stuttgart
1070 4947 1141 5005 aiot
1165 4950 1210 5005 20.
1236 4947 1257 5004 f.
1280 4953 1323 5004 il.
1353 4949 1387 5004 de
1412 4966 1469 5005 uuo
1494 4947 1669 5006 confessore.
