3892 6025
245 887 350 952 Potes
373 886 459 948 enim
481 886 655 968 impetrare
931 895 985 958 tao
1007 911 1067 958 nos
1090 909 1172 974 ergo
1195 909 1399 974 conregnare

246 988 407 1072 quidquid
430 988 494 1068 ἦθ’
517 987 675 1068 ¹¹⁰bi⁸q¹¹⁰
698 985 778 1050 (lm
931 1005 1029 1079 etque
1052 1003 1159 1060 tecum
1183 993 1403 1078 contemplare

290 1113 355 1177 per
381 1102 468 1158 tuam
491 1102 637 1158 sanomm
659 1091 773 1156 titiam:
839 1095 878 1156 15
978 1096 1119 1162 ooelestis
1141 1096 1253 1181 templi
1277 1095 1424 1178 glorium.

342 1277 548 1350 Stressburger
566 1279 613 1333 Hs.
632 1279 663 1334 ii.
683 1281 744 1335 135.
761 1280 803 1337 st
823 1282 867 1336 78.
884 1281 935 1337 des
954 1285 988 1336 15
1006 1283 1104 1339 tamn.

346 1403 381 1454 12
397 1398 608 1478 incidentium,
627 1401 675 1456 Hs.

739 1721 826 1796 802.
865 1725 923 1797 De
951 1721 1084 1795 eadem.

252 1958 373 2038 Anna,
395 1968 500 2024 mater
523 1980 702 2044 generose,
937 1963 983 2028 sis
1004 1979 1066 2046 pro
1088 1961 1183 2026 nobis
1206 1979 1336 2045 semper
1356 1961 1412 2045 pie

175 2122 176 2127 ,
301 2063 357 2128 diu
380 2062 474 2147 prole
497 2065 643 2146 caruisti,
954 2073 1012 2137 ‘in
1035 2071 1188 2136 extremis
1210 2070 1322 2133 mortis
1345 2067 1444 2134 horis.

255 2166 317 2230 sed
340 2167 502 2249 prooessit
524 2187 567 2230 ex
589 2175 623 2230 te
644 2185 721 2232 rosa

175 2292 176 2295 ¹
301 2268 390 2334 unde
413 2271 559 2352 gaudens
582 2272 728 2336 extitisti.
936 2258 1035 2326 Anna
1058 2267 1160 2325 mater
1183 2258 1285 2342 prolis
1307 2255 1417 2340 dignae

983 2363 1155 2443 utrobique
1177 2367 1370 2440 veneretur,

257 2459 379 2523 Rosam
402 2477 521 2524 novam
544 2468 578 2525 et
600 2468 782 2545 recentem,
864 2465 884 2526 5
938 2466 1071 2550 dignum
1095 2472 1222 2531 constat
1246 2472 1280 2528 et
1301 2462 1443 2545 insigne,

301 2561 402 2628 Anna
424 2573 553 2648 saneta,
575 2567 751 2650 peperisti,
981 2575 1017 2632 ut
1039 2567 1109 2632 leus
1131 2565 1178 2629 illi
1200 2583 1330 2648 semper
1352 2562 1455 2627 detur.

259 2665 371 2729 dorem
394 2687 509 2750 purum
531 2674 566 2732 et
587 2667 759 2732 decentem

303 2778 338 2834 tu
359 2769 392 2832 in
414 2768 565 2834 mundum
587 2770 759 2854 protulisti,
939 2757 988 2824 0b
1011 2757 1169 2822 honorem
1191 2755 1304 2820 matris
1327 2753 1381 2818 dei

984 2859 1057 2943 ejus
1079 2864 1214 2922 matrem
1236 2875 1448 2938 veneremur,

261 2959 349 3025 Rosa
371 2977 506 3043 reeens,
528 2959 590 3026 flos
614 2959 760 3045 decoris,
938 2971 974 3028 ut
997 2963 1029 3027 in
1053 2961 1136 3029 ooelo
1159 2961 1284 3045 requiei

304 3062 381 3127 audi
402 3080 520 3145 preoes
541 3064 747 3148 miserorum,
824 3056 886 3130 '1o
983 3065 1245 3132 commendemur
1267 3072 1301 3129 et
1323 3062 1471 3129 ditemur.

261 3168 294 3230 in
315 3167 483 3231 tormentis
505 3187 547 3231 ne
569 3169 717 3234 moeroris

305 3270 484 3335 cruciemur
508 3270 713 3335 infernorum,
939 3254 1057 3322 Ambre
1079 3266 1200 3321 matres
1222 3274 1340 3341 preoes
1356 3253 1499 3338 tundant,
1523 3254 1564 3318 25

332 3364 337 3376 '
984 3368 1019 3425 ut
1041 3380 1060 3423 s
1082 3358 1175 3424 mulis
1199 3376 1370 3436 eruamur,

262 3461 387 3526 Nomen
409 3461 500 3525 doris
523 3452 575 3526 est
595 3461 718 3544 Maria,
940 3463 996 3527 ubi
1017 3463 1101 3527 loetae
1125 3480 1255 3545 semper
1276 3468 1433 3543 regnunt,

305 3571 411 3628 mater
433 3562 554 3627 Christi
577 3562 766 3644 salvatoris,
986 3565 1064 3631 illue
1086 3582 1146 3629 nos
1170 3573 1203 3629 et
1225 3564 1450 3649 perducamur.

354 3749 558 3821 Strassburger
575 3748 623 3803 iis.
641 3746 672 3802 s
692 3750 752 3801 135.
771 3746 816 3802 Bi.
834 3749 878 3803 79.

350 3874 386 3926 25
404 3872 496 3942 ambo,
514 3872 561 3927 Hs.
602 3874 638 3926 2⁷
655 3871 765 3942 ubique,
783 3870 832 3926 lis.

729 4248 816 4321 803.
849 4248 906 4319 De
933 4271 961 4316 s.
989 4246 1105 4317 Anne.

265 4496 393 4562 Assunt
414 4493 523 4561 Annae
545 4496 730 4577 sollemnis,
943 4493 1049 4557 Maris
1072 4492 1146 4557 hino
1169 4490 1354 4573 egreditur,

266 4600 338 4665 haec
362 4601 456 4663 nobis
480 4599 557 4662 dant
579 4598 711 4680 solatia,
943 4595 1063 4661 mundo
1087 4596 1175 4659 selus
1199 4594 1386 4679 porrigitur.

266 4722 340 4767 nam
364 4702 457 4764 nobis
482 4700 554 4783 ejus
579 4698 645 4763 tilia

266 4807 378 4871 noma
400 4806 473 4869 tulit
495 4804 644 4888 gaudia:
946 4782 1055 4849 Annae
1077 4790 1154 4846 nata
1177 4780 1322 4863 eligitur,

945 4888 1031 4952 hano
1054 4885 1190 4967 angelus
1214 4884 1404 4967 alloquitur,
1532 4881 1573 4946 10

267 4994 375 5061 Alvus
397 4992 506 5060 Annae
529 4992 745 5074 concluditur,
873 4994 893 5053 5
947 4990 1057 5054 diuina
1079 5008 1134 5053 res
1156 4987 1334 5052 infunditur

268 5100 421 5164 divinitus
443 5099 503 5165 sed
524 5098 676 5179 solvitur,
947 5094 1038 5160 lesus
1062 5093 1202 5177 posthae
1223 5093 1376 5157 nascitur.
