3892 6025
706 1005 793 1080 876.
826 1007 885 1080 De
908 1033 936 1082 s.
961 1007 1191 1088 Gorbiniauo.

292 1235 418 1303 Nobilis
441 1235 652 1323 corbiniane,

294 1347 329 1402 tu
351 1337 508 1403 doctrinae
533 1349 624 1404 sator
646 1359 752 1427 sante,
800 1341 804 1347 ’

336 1443 514 1524 gratiarum
536 1445 702 1528 scrinium,

293 1546 348 1609 dei
369 1546 461 1611 tortis
484 1549 649 1632 agonista,

291 1655 328 1713 ut
349 1648 469 1714 Christi
490 1651 572 1717 Jesu
594 1655 736 1738 baptista

336 1751 488 1819 dirimens
511 1754 663 1821 affinium.

290 1945 428 2030 Nuptias
448 1947 677 2030 illecebrosas,

291 2048 354 2114 deo
376 2052 558 2135 sanctisque
581 2069 717 2135 exosas,

333 2155 486 2222 lethalem
512 2156 665 2223 invidiam

290 2262 469 2326 meretricis
491 2262 672 2350 incurristi,

290 2363 350 2427 sed
373 2371 405 2428 te
428 2365 483 2449 pia
504 2383 617 2432 manus
640 2365 762 2434 Christi

332 2467 439 2532 vitare
460 2469 630 2553 perfidiam

288 2657 386 2724 Dedit
406 2659 503 2744 hujus
526 2660 706 2727 meretricis

289 2764 331 2829 de
353 2763 446 2846 cnjus
468 2782 645 2828 excurrens
667 2764 749 2830 vicis

331 2875 462 2956 strenue
485 2883 641 2931 evaseras
648 2905 669 2948 ‚—

146 2998 147 3009 ¹
287 2971 456 3038 ut‘Helias
478 2968 668 3038 lezabelem

288 3078 468 3161 idolatram,
489 3076 653 3142 infidelem

331 3181 542 3267 gregem-‚dei
564 3199 716 3267 paveras.

287 3370 400 3439 Oleum
421 3373 582 3437 ministras
604 3372 698 3451 vite,

286 3476 411 3555 vinum,
434 3473 521 3557 qnod
543 3474 585 3539 de
609 3493 690 3538 veru
711 3472 779 3537 vite

327 3579 476 3664 profluit,
499 3577 677 3663 adjiciens,

285 3700 384 3747 sanos
405 3700 485 3745 sane
506 3678 756 3766 preservande,

285 3787 365 3850 mire
387 3785 516 3851 saucios
538 3784 683 3849 sanando

329 3888 464 3971 singolis
485 3884 669 3970 proficiens.

285 4075 485 4143 catervatim
507 4095 528 4139 a
550 4082 583 4139 te
605 4074 709 4154 multi,

283 4182 379 4247 noxis
402 4180 580 4263 grandibus
604 4177 739 4263 sepulti,

328 4284 456 4350 concito
479 4282 667 4363 consiliunt,

282 4388 370 4470 pasti
391 4385 512 4471 pabulo
533 4383 692 4464 doctrinae

284 4490 439 4575 praestitae
462 4488 519 4552 tibi
541 4487 660 4552 divinas

327 4591 370 4656 ad
392 4609 451 4655 sua
472 4589 652 4674 prosiliunt.

283 4783 366 4848 Nam
387 4803 463 4849 eras
485 4786 589 4850 verbo
611 4778 785 4863 facundus,

283 4886 403 4952 affectu
424 4886 504 4951 nulli
521 4881 683 4949 secundus

326 4991 382 5075 pio
405 4998 440 5055 et
460 4988 630 5071 obediens,

342 5120 430 5175 Mons,
447 5120 532 5171 buln
549 5123 673 5180 llynnen.
699 5120 745 5169 111.

970 1267 1090 1334 papam
1113 1253 1197 1317 enirn
1219 1257 1269 1321 bis
1294 1257 1410 1341 adisti,

970 1371 1036 1418 nun
1058 1355 1208 1440 obtento,
1233 1360 1320 1444 quod
1342 1365 1465 1449 petisti,
1553 1369 1596 1432 35

1015 1455 1057 1521 ad
1079 1459 1166 1524 ovile
1188 1460 1328 1529 rediens.

897 1658 917 1720 5
969 1643 1033 1713 Ubi
1055 1648 1122 1714 tibi·
1134 1652 1368 1719 commendatis

968 1749 1164 1817 monimenta
1184 1753 1333 1820 ueritatis

1012 1853 1119 1920 cultor
1140 1855 1355 1941 castimoniae,

968 1964 1005 2022 ut
1027 1955 1178 2042 decebat,
1201 1964 1427 2045 proponebas,
1550 1966 1593 2031 lo

967 2059 1053 2126 inter
1075 2079 1157 2145 quos
1178 2083 1240 2149 per
1262 2071 1295 2129 te
1318 2065 1464 2148 degebas

1013 2171 1105 2229 actor
1126 2167 1341 2249 parsimoniae.

874 2265 915 2328 10

966 2351 1068 2418 lloles
1090 2373 1207 2438 panem
1231 2355 1386 2438 liliorum,

967 2465 1094 2541 partum
1117 2455 1256 2522 lluxibus
1278 2455 1450 2541 sudorum,

1010 2561 1113 2625 brutis
1135 2558 1207 2624 dari
1229 2561 1379 2642 canibus,
1552 2565 1594 2626 45

966 2663 1041 2728 loco
1066 2661 1201 2743 cedens,
1224 2660 1284 2725 sed
1302 2660 1435 2744 redisti,

966 2767 1051 2830 mitis
1074 2783 1150 2831 reos
1173 2766 1309 2848 arguisti

872 2870 912 2931 15
1011 2871 1121 2937 verbis
1143 2888 1208 2935 non
1231 2870 1387 2935 inanibus.

964 3062 1015 3129 En
1037 3062 1234 3147 praesagium
1257 3062 1415 3143 divinum,

964 3166 1056 3249 quasi
1080 3182 1137 3230 cor
1159 3162 1298 3227 haberes
1321 3162 1443 3247 binum,
1550 3162 1592 3228 50

1008 3278 1064 3333 tuo
1086 3266 1175 3332 dedit
1197 3266 1316 3331 nomini

962 3389 1028 3436 non
1051 3364 1138 3434 fictae
1160 3366 1372 3452 duplicitatis,

868 3471 911 3536 20
963 3474 1049 3540 binae
1070 3490 1151 3537 vero
1173 3470 1332 3552 caritatis,

1006 3576 1146 3661 proximi
1167 3582 1201 3639 et
1222 3570 1351 3639 domini.

963 3764 1044 3832 (lum
1066 3766 1212 3850 pravatis
1234 3764 1354 3829 bellum
1374 3782 1509 3852 gerens,
1547 3765 1589 3829 55

963 3870 1023 3935 sed
1046 3870 1183 3951 exultas,
1206 3867 1233 3931 si
1257 3867 1327 3948 quis
1350 3882 1490 3932 nroerens

1006 3991 1082 4038 reus
1106 3971 1148 4037 ad
1171 3979 1209 4035 te·
1225 3968 1370 4054 fugerat,

868 4074 910 4137 25
963 4075 1131 4141 adamator
1153 4070 1372 4156 paupertatis,

962 4177 1153 4243 exsufflator
1174 4176 1346 4257 vanitatis,

1007 4288 1095 4350 curas
1118 4284 1175 4348 tibi
1196 4281 1319 4363 luerat,
1547 4284 1589 4348 60

962 4474 1094 4557 Fugere
1115 4474 1265 4539 tdlaoem
1286 4472 1453 4556 mundum,

866 4586 909 4652 30
961 4584 1078 4643 contra
1099 4574 1195 4641 deum
1217 4574 1422 4641 furibundum

1004 4682 1038 4745 in
1060 4681 1111 4746 sui
1132 4679 1323 4764 perniciem5

962 4787 1017 4869 qui
1039 4803 1105 4849 non
1126 4784 1232 4868 parcit
1254 4783 1433 4865 sanctitati,

961 4905 1025 4954 uec
1045 4887 1151 4967 sexui,
1175 4898 1236 4949 neo
1258 4885 1365 4965 aetati,
1546 4888 1589 4951 65

1005 5012 1048 5059 ne
1070 4992 1147 5057 colit
1169 4990 1343 5073 caniciem,
