3892 6025
758 1072 844 1147 632.
879 1068 942 1144 Al
968 1096 1091 1145 omnes
1116 1081 1265 1144 sanetcs.

356 1312 540 1391 Johannes,
563 1312 707 1396 baptista
729 1310 866 1393 Christi,

357 1432 472 1481 vocem
494 1414 599 1499 patris
622 1414 676 1496 qni
700 1413 817 1479 audisti

355 1525 389 1585 st
411 1517 522 1583 vidisti
545 1515 800 1581 descendentem

355 1618 503 1704 spiritum
527 1619 617 1685 clare
640 1618 796 1685 nitentem

399 1723 434 1787 in
456 1724 615 1790 colnmbae
636 1722 768 1805 specie,
965 1724 986 1786 5

356 1826 462 1910 ipsum
485 1844 545 1891 orn
566 1823 785 1908 baptizatum,

357 1934 393 1997 nt
415 1928 562 2013 peccatis
587 1926 792 1993 emendatum

355 2047 409 2093 me
430 2036 508 2112 port
528 2028 742 2112 temporalem
763 2035 899 2094 mortem

357 2148 433 2197 esre
456 2132 556 2196 laciat
577 2139 762 2196 consortem

402 2235 545 2300 coelestis
568 2234 699 2300 laetitiae.
943 2234 984 2297 1⁰

357 2420 469 2487 Osos
493 2440 650 2507 proceres
672 2422 809 2505 bisseni,

357 2524 496 2609 spiritali
517 2534 622 2591 musto
645 2526 750 2612 pleni,

357 2627 471 2717 signis,
493 2628 588 2695 lactis
612 2636 646 2694 et
668 2628 815 2697 doctrina

356 2739 563 2797 sacramenta
585 2734 640 2815 qni
663 2732 775 2797 divina

401 2833 548 2899 edidistis
571 2835 690 2918 libere,
943 2837 983 2899 15

357 2957 420 3025 pro
442 2958 494 3003 ms
516 2938 600 3003 lente
623 2956 742 3024 preces
763 2938 817 3024 pie

356 3044 391 3108 in
413 3042 470 3107 illa
491 3040 660 3108 tremenda
684 3041 754 3123 die,

357 3151 483 3232 mondo
499 3150 601 3232 judee
623 3155 670 3216 est
690 3154 840 3216 cenentur

357 3253 421 3336 piis
442 3253 542 3335 mitis,
565 3252 658 3316 malis
681 3251 795 3334 dnrns,

397 3353 489 3438 justo
511 3374 633 3438 urgens
657 3373 799 3420 munere.

355 3539 383 3608 0
404 3545 495 3610 beati
518 3542 639 3609 Christi
662 3553 781 3628 testes,

359 3648 415 3731 qni
437 3647 564 3712 lavistis
586 3657 713 3713 vestras
736 3656 846 3714 vestes
879 3723 883 3732 ¹

359 3750 394 3813 in
416 3748 488 3834 ejus
511 3750 588 3832 agni
611 3767 742 3830 cruore,

357 3870 418 3918 sno
442 3852 593 3920 mnndum
616 3854 670 3936 qui
692 3855 817 3936 liquore

402 3957 531 4021 sanavit
552 3957 707 4040 feliciter,

358 4076 420 4124 vos
443 4059 581 4124 nuncin
605 4068 782 4143 conspectu
801 4059 854 4127 dei

358 4183 519 4230 memores
543 4173 647 4234 estote
665 4167 744 4249 mei,

358 4277 395 4334 nt
411 4279 488 4353 post
510 4271 587 4336 vitae
611 4270 707 4356 lrnjns
729 4289 857 4338 cursum

355 4371 390 4434 in
414 4371 530 4436 ooelnm
552 4372 768 4438 conscendam
792 4391 919 4440 sursum

402 4473 446 4539 ad
468 4474 642 4540 laetandnm
660 4475 795 4560 jugiter.
941 4480 983 4543 30

1039 1308 1158 1374 Omnes
1182 1308 1286 1375 sancti
1308 1307 1532 1392 confessores,

1038 1412 1173 1495 qnorum
1194 1414 1279 1494 vita,
1301 1413 1420 1493 verbe,
1443 1429 1551 1477 mores

1037 1512 1092 1581 nte
1113 1517 1162 1580 sic
1184 1513 1332 1580 Christus
1356 1514 1567 1599 approbavit,

1038 1625 1072 1683 et
1093 1636 1154 1683 vos
1176 1636 1286 1683 secum
1309 1636 1394 1684 ncnc
1414 1617 1537 1683 locavit

1080 1723 1114 1786 in
1137 1723 1211 1788 ooeli
1232 1722 1370 1805 palatio,
1619 1724 1661 1785 ³5

1036 1843 1078 1889 ne
1101 1822 1255 1889 seductor
1277 1823 1453 1888 animarum

1035 1930 1072 1997 t’a
1092 1928 1153 1995 dcc
1175 1927 1254 1993 collo
1275 1927 1480 1993 uenenorum

1035 2051 1088 2097 me
1109 2033 1143 2095 in
1166 2032 1231 2096 nlla
1253 2038 1348 2115 parte
1370 2030 1487 2114 ledat,

1036 2152 1108 2223 pro¹
1121 2154 1188 2216 me,
1211 2151 1348 2219 precor,
1370 2132 1551 2199 intercedat

1079 2243 1193 2301 vestra
1215 2237 1416 2321 snpplicatio.
1620 2236 1662 2298 lo

1038 2423 1118 2490 Cum
1141 2424 1261 2490 decore
1282 2423 1452 2509 virginali,

1036 2530 1103 2595 lide
1127 2528 1248 2595 Christi
1270 2530 1424 2615 speciali,

1036 2652 1111 2717 qnae
1132 2633 1319 2715 frequenter
1342 2632 1525 2699 adhaesistis

1036 2744 1070 2803 et
1091 2738 1244 2802 letanter
1263 2736 1421 2823 introistis

1078 2841 1113 2905 in
1134 2840 1206 2924 ejus
1228 2841 1408 2924 potentias,
1619 2838 1661 2903 45
1781 2896 1782 2903 ,

1036 2943 1114 3009 milri
1135 2944 1253 3009 vestris
1275 2944 1419 3030 obtineto

1036 3047 1208 3131 precibus,
1229 3053 1266 3111 ut
1287 3064 1361 3135 cnm
1383 3047 1490 3129 quiete

1037 3171 1058 3215 a
1079 3150 1224 3233 peccatis
1247 3149 1414 3216 absolutos

1036 3252 1120 3316 liber
1141 3249 1260 3316 vadam
1281 3260 1378 3333 amne
1401 3257 1488 3314 tutus
1778 3318 1779 3329 χ

1080 3354 1123 3419 ad
1145 3356 1296 3420 coelestes
1317 3355 1455 3438 nuptias
1619 3354 1662 3417 to

1036 3543 1188 3612 Universi
1211 3547 1301 3612 cives
1323 3546 1414 3629 coeli,

1035 3656 1144 3716 menta
1166 3667 1285 3733 precor
1306 3666 1368 3713 vos
1389 3647 1496 3729 fideli,

1036 3755 1093 3838 qni
1114 3774 1185 3820 cnm
1208 3754 1339 3820 Christo
1361 3772 1447 3819 nnnc
1468 3752 1625 3836 regnatis,

1035 3849 1086 3942 nt,
1108 3875 1191 3920 meas
1213 3855 1404 3921 calamitatis

1079 3975 1239 4024 memores
1261 3955 1412 4039 miseriae,
1620 3955 1663 4019 55
1775 3984 1776 3989 ¹

1037 4062 1136 4128 oretis
1158 4079 1220 4146 pro
1242 4067 1436 4145 peccatore,

1035 4174 1072 4232 nt
1093 4187 1114 4231 a
1134 4164 1318 4233 [leviathan
1339 4180 1398 4228 ore

1037 4289 1101 4354 ego
1124 4271 1207 4338 liber
1229 4277 1264 4334 et
1283 4269 1409 4333 solutus

1036 4395 1079 4439 ex
1102 4372 1165 4437 hac
1187 4373 1254 4435 vita
1272 4369 1499 4455 vadnmtntns

1080 4477 1122 4541 ad
1144 4476 1286 4541 tribunal
1307 4475 1432 4555 gloriae.
1619 4473 1661 4536 60

366 4705 374 4715 .
446 4661 495 4718 lls.
514 4679 549 4717 nn
566 4663 671 4732 mains,
690 4665 762 4736 nug.
780 4665 833 4721 No.
851 4667 911 4724 438.
936 4666 980 4724 Bl.
997 4668 1040 4724 93.
1058 4668 1114 4738 (Β)
1141 4666 1190 4720 des
1210 4667 1244 4719 tt
1260 4664 1358 4719 Jahrln
1394 4662 1588 4719 lleiclrensner
1606 4659 1657 4718 ns

357 4747 672 4821 mmmmm

448 4870 498 4927 llie
516 4871 589 4926 nwei
607 4877 702 4928 ersten
721 4871 864 4946 Strophon
883 4875 946 4932 sind
962 4878 1036 4933 naclr
1053 4876 1105 4932 der
1123 4872 1266 4946 Zeitiolgs
1284 4873 1439 4944 geordnst,
1471 4871 1516 4926 die
1534 4869 1656 4942 dbrigen

356 4959 432 5028 nach
454 4957 506 5013 der
523 4957 706 5031 llintlreilnng
729 4959 781 5016 der
798 4961 943 5035 lleiligen,
974 4964 1046 5021 aber
1068 4962 1147 5019 nieht
1162 4959 1341 5030 volnttndig
1356 4956 1533 5032 ansgslirlrrt
1566 4957 1591 5012 B
1609 4956 1658 5012 bs·

357 5044 440 5119 ginnt
458 5045 508 5101 das
527 5043 594 5103 lisd
611 5045 662 5103 mit
679 5044 834 5121 folgenden
851 5049 967 5121 Versae,
986 5051 1033 5109 die
1049 5051 1128 5108 niolrt
1145 5049 1217 5107 darn
1234 5047 1374 5121 gehoren:
