3892 6025
521 1262 607 1337 766.
642 1255 744 1333 Atre
771 1266 805 1329 el
831 1255 1006 1328 sociarum
1033 1250 1118 1349 ejus.
1159 1248 1351 1347 sequentia.

272 1552 423 1617 Gloriam
446 1547 508 1611 deo
954 1537 1005 1601 De
1028 1552 1162 1617 quornm
1190 1529 1332 1612 collegio

272 1655 365 1739 patri
389 1667 540 1717 canamus
957 1641 1126 1707 confessor
1149 1636 1252 1701 almus
1273 1632 1446 1697 Narcissus

274 1768 309 1823 st
335 1758 418 1837 lilio,
447 1760 558 1817 sancto
581 1748 756 1835 paraclito,
956 1741 1078 1827 praesul
1102 1738 1234 1817 claruit,
1542 1731 1583 1793 35

276 1920 340 1999 Qui
365 1920 406 1983 ab
430 1934 506 1980 arce
529 1913 646 1998 patris,
886 1909 905 1968 5
957 1904 1143 1990 Augustam
1166 1902 1221 1985 qui
1243 1900 1322 1965 adiit

173 2072 174 2083 .
279 2025 365 2088 deus
388 2038 526 2085 summus
550 2026 583 2081 et
604 2014 744 2093 hunnis,
959 2010 1002 2075 ad
1024 2008 1151 2073 domum
1174 2006 1329 2087 ignoraus
1351 1998 1446 2065 Afrae

960 2125 993 2179 et
1014 2112 1168 2177 introivit.

173 2180 174 2187 ἵ
277 2189 401 2253 Missus
424 2184 512 2247 veuit
534 2182 639 2260 mitis,

173 2316 174 2345 1
279 2294 406 2355 intrans
430 2296 554 2353 uterum
576 2283 729 2365 virginis,
960 2273 1009 2342 At
1029 2276 1085 2339 illa
1107 2273 1255 2357 gaudens

962 2398 1024 2465 pro
1046 2386 1191 2443 amatore
1546 2370 1587 2431 to

890 2546 910 2607 0
963 2482 1101 2547 electum
1123 2480 1297 2565 praesulem
1320 2478 1481 2561 suscepit3

282 2454 328 2520 Ut
349 2460 541 2537 peccatores
565 2453 697 2511 sanaret

284 2566 319 2621 et
337 2556 444 2640 justos
467 2554 610 2631 iaceret,

284 2670 321 2725 ut
343 2659 511 2741 dispersos
534 2658 768 2735 congregaret,
965 2646 1119 2712 Sanctum
1142 2659 1359 2727 cognoscens,

286 2765 429 2828 liberans
452 2758 606 2843 perditos.
965 2752 1098 2835 plorans
1121 2756 1154 2813 et
1176 2766 1311 2831 gemens

287 2926 453 3006 Quosdam
475 2924 576 3005 elegit
967 2856 1039 2939 ejus
1061 2852 1199 2938 poninus
1222 2870 1258 2913 se
1280 2846 1469 2934 prostravit.

288 3033 395 3117 plebis
418 3031 571 3095 ⁶⁰⁰t⁰¹⁰⁸
967 3036 1015 3104 At
1036 3038 1185 3121 pontifex
1203 3044 1239 3100 ut
1261 3031 1422 3118 percepit,
1549 3025 1591 3088 45

288 3135 463 3217 preelectus
479 3139 511 3195 et
525 3129 674 3197 ecclesiae
690 3135 849 3210 pastores,
874 3126 914 3186 15
970 3142 1099 3206 domim,
1121 3158 1183 3223 pro
1205 3138 1262 3201 ip,
1285 3152 1402 3220 preces
1423 3131 1519 3209 suffit,

290 3294 399 3358 Variis
422 3292 524 3374 signis

292 3407 325 3462 et
350 3395 547 3461 documentis

292 3501 399 3565 multis
412 3499 465 3581 qui
478 3503 707 3562 converterent
717 3503 916 3578 peccatores.

968 3320 1005 3386 ln
1031 3319 1096 3383 iide
1120 3337 1216 3382 sacra
1238 3313 1406 3392 instruxit,

969 3448 1041 3492 eam
1063 3441 1158 3490 sacru
1181 3425 1271 3487 fonte
1294 3427 1327 3483 et
1350 3417 1459 3483 abluit.

970 3609 1050 3673 Post
1073 3608 1145 3670 baec
1165 3599 1250 3667 Atra
1274 3598 1452 3682 exquiritur

971 3713 1075 3789 minis,
1099 3707 1299 3786 terroribus,
1555 3697 1597 3758 50

973 3813 1057 3877 dolis
1080 3815 1270 3889 attentatur,

295 3933 339 3998 Ut
358 3932 452 4014 regni
476 3931 628 3995 concives
651 3927 792 3992 coelestis
975 3915 1180 3981 christianam
1203 3928 1277 3972 sese
1300 3910 1511 3989 protestatur.

296 4038 472 4122 participes
496 4039 605 4098 essent
629 4041 661 4095 et
684 4037 860 4097 consortes.

297 3665 491 3732 Promittens
514 3661 641 3724 veniam
665 3667 697 3722 et
719 3659 818 3722 vitam

296 3767 502 3834 credentibus
525 3765 557 3828 in
580 3783 615 3826 se
638 3761 833 3841 homiuibus,
876 3759 917 3822 20

975 4095 1031 4162 Ad
1054 4095 1142 4159 idola
1165 4089 1383 4175 compellitur,

297 4203 475 4268 Peccantes
497 4200 633 4282 puniens
657 4196 889 4278 delinquentes,
975 4200 1084 4263 vineta
1107 4194 1291 4273 adducitur,

297 4306 480 4387 corrigenS,
504 4300 680 4366 emundans
703 4299 904 4383 poeuitenteS,
971 4301 1075 4387 judici
1096 4303 1328 4382 praesentatur,
1559 4285 1600 4346 55

173 4445 174 4460 ¹
298 4417 445 4473 errantes
469 4405 688 4471 modenulam
696 4451 704 4486 ‚
880 4403 921 4463 25
977 4403 1140 4469 Christum
1165 4397 1265 4465 corde
1289 4405 1322 4460 ct
1344 4414 1401 4459 cre
1424 4393 1552 4457 fatetur.

300 4511 414 4576 fideles
437 4527 584 4591 quosque

299 4625 333 4679 et
349 4614 459 4698 justos
482 4611 677 4678 salvificans.
977 4585 1110 4668 lenibus
1132 4581 1211 4644 Viva
1233 4577 1351 4654 datur,

977 4687 1113 4752 flammis
1135 4684 1282 4748 exuritur

301 4779 362 4856 Qui
385 4778 486 4860 signis
509 4779 668 4860 reprobos
691 4784 724 4839 et
742 4775 899 4858 exemplis
979 4793 1090 4873 ,ioque
1112 4796 1237 4869 marty,
1257 4783 1405 4848 efficitur,

302 4884 453 4946 virtutum
477 4879 638 4944 miraculis
661 4880 825 4962 instruxit,

302 4985 520 5069 perverbum
543 4981 656 5046 salutis
885 4980 926 5042 ³0
980 4973 1135 5059 Spiritum
1158 4969 1242 5035 coelo
1265 4964 1423 5045 reddens,
1564 4957 1605 5020 00

304 5095 337 5152 et
358 5088 505 5152 veritatis
982 5080 1077 5145 deum
1098 5075 1295 5141 benedicens

304 5188 488 5254 incredulos
512 5190 662 5254 correxit.
983 5190 1106 5248 aeterna
1129 5178 1214 5243 dona
1237 5172 1391 5260 possidet.
