3892 6025
688 1056 775 1131 691.
814 1056 967 1130 Androm
994 1056 1154 1155 apostoli.

174 1246 176 1319 Ῐ
267 1262 348 1347 Eja,
371 1262 544 1343 carissimi,
950 1260 1020 1338 Ono
1042 1262 1101 1324 luit
1122 1262 1280 1345 pendulus

268 1364 384 1430 laudes
407 1364 551 1446 hymnite
949 1363 1048 1428 biduo
1071 1366 1182 1445 vivus,

268 1467 340 1547 regi
364 1465 509 1546 sidereo,
950 1464 1087 1528 necdum
1111 1466 1281 1533 destiterat

267 1568 399 1653 perpeti
422 1568 505 1649 deo,
949 1564 1103 1649 dogmata
1124 1570 1197 1631 veri

269 1672 368 1753 digne
393 1677 588 1754 procurante
948 1668 1136 1751 impendere
1160 1670 1264 1754 plebi,

268 1776 391 1840 saecuh
415 1784 540 1839 cuncta
948 1772 1063 1835 uolens
1085 1774 1192 1837 avelli.

269 1965 334 2041 Qui
357 1964 408 2029 bis
431 1983 491 2028 rex
515 1964 636 2047 socios,
949 1964 1082 2029 iluucoo
1104 1963 1344 2048 Myrmidonum

268 2068 389 2131 lamine
407 2068 534 2150 claros,
949 2069 1067 2134 cultrix
1089 2088 1235 2135 errorum

267 2188 287 2231 a
311 2167 431 2231 mundo
454 2168 580 2234 sibimet
640 2254 647 2267 ὓ
949 2173 1045 2236 tellus
1067 2168 1206 2255 Achaia,

268 2272 371 2355 elegit
394 2272 474 2354 isto,
948 2274 1038 2341 lonte
1062 2278 1200 2359 sancita,

268 2374 310 2437 de
335 2375 451 2457 quibus
475 2376 638 2456 magistris
948 2376 1141 2461 profitentur
1162 2387 1289 2461 patrem

268 2477 420 2543 crederet
443 2479 541 2543 orbis.
949 2489 1046 2562 atque
1070 2490 1256 2563 sequuntur.

268 2671 359 2735 Inter
382 2688 464 2752 quos
488 2672 636 2755 optimus,
949 2668 1001 2733 Sit
1023 2669 1109 2753 putri
1131 2670 1253 2752 gloria,

269 2774 335 2837 lide
358 2793 529 2853 coruscus,
677 2830 682 2839 .
948 2783 1026 2837 nato
1049 2792 1190 2856 corona,

269 2876 422 2941 Andreas
445 2880 555 2944 rutilat
948 2887 1061 2943 sancto
1085 2880 1211 2963 spiritui

270 2987 302 3043 et
324 2979 482 3063 tripudiat
948 2980 1020 3045 lans
1046 2980 1211 3047 indelessa

270 3086 441 3150 dominicae
465 3087 570 3151 crucis
949 3086 1120 3149 saeclornm
1144 3087 1273 3150 dontino
1529 3090 1571 3152 35

269 3189 383 3253 tunore
406 3209 531 3274 passus.
948 3209 1034 3254 nnnc
1056 3201 1089 3254 et
1110 3193 1142 3256 in
1166 3211 1279 3255 aevum.

358 3370 407 3424 lis.
427 3387 461 3423 zu
479 3371 508 3425 S.
526 3371 612 3426 Peter
630 3371 657 3426 in
676 3371 831 3444 salzburg,
850 3372 891 3440 V,
909 3376 953 3426 ot.
973 3373 1022 3426 des
1042 3376 1075 3426 12
1092 3373 1190 3428 Jahrb.
1227 3371 1277 3426 Die
1296 3371 1440 3441 Strophen
1459 3371 1522 3425 sind
1542 3372 1572 3426 in

270 3459 319 3514 der
337 3459 385 3514 Hs.
410 3459 439 3513 iu
463 3460 595 3516 3Zeilen
621 3461 807 3532 geschrieben
833 3461 888 3517 ond
906 3461 1031 3533 gehdreu
1050 3463 1140 3515 ihrem
1159 3462 1235 3516 Bane
1253 3461 1325 3515 nach
1350 3460 1378 3514 in
1398 3460 1449 3513 das
1467 3459 1485 3512 6
1503 3458 1573 3514 oder

270 3549 286 3598 7
304 3547 403 3601 Jahrb.

355 3653 370 3704 1
383 3650 534 3720 karissimi,
543 3651 590 3706 lis.
601 3652 673 3706 uach
687 3651 950 3724 alterSehreibnng
968 3655 987 3706 2
999 3669 1073 3724 ymn.
1085 3652 1132 3706 tls.
1155 3655 1339 3719 adsecuntur,
1350 3653 1397 3706 its.
1411 3652 1468 3707 alte
1478 3652 1569 3706 Form.

561 3937 646 4010 692.
691 3937 749 4008 De
776 3947 897 4010 sancto
924 3934 1082 4007 Andrea.
1118 3935 1279 4036 hymnus.

270 4137 333 4223 Eja
356 4138 539 4221 fraterculi,
947 4138 1096 4204 laudibus
1114 4139 1213 4222 justis

271 4241 333 4304 lide
358 4241 490 4324 repleti,
947 4249 983 4304 ut
1004 4243 1102 4306 simus
1125 4242 1214 4325 digni
1237 4243 1333 4306 talem

271 4343 411 4425 apostoli
433 4341 554 4406 Christi
947 4346 1090 4428 psallere
1113 4354 1248 4429 patrem.

270 4445 353 4510 festa
375 4433 529 4512 canamus

269 4567 331 4612 non
354 4567 436 4614 sono
458 4558 580 4615 tautum
602 4553 683 4634 oris,
945 4535 1070 4619 Dignus
1094 4539 1254 4619 ⁰⁰ss⁸fifitr
1278 4557 1373 4620 (luem

270 4651 326 4716 sed
349 4651 475 4716 chorda
498 4653 615 4717 cordis.
946 4639 1028 4705 ‘10⁰⁸
1051 4641 1180 4720 dilexit,

946 4763 1108 4809 revocans
1131 4745 1302 4810 distantem
1532 4747 1572 4808 15

270 4843 383 4926 imple,
408 4841 553 4926 Christe,
576 4845 684 4927 nobis,
946 4849 1024 4912 fecit
1042 4848 1217 4931 doctorem,

271 4944 355 5026 qnod
378 4953 428 5008 est
450 4963 602 5030 vacuum,
947 4967 1007 5014 nos
1031 4951 1091 5014 reti
1114 4949 1191 5014 fidei

271 5048 421 5130 operibns
445 5050 582 5131 sanctis,
942 5053 1064 5138 jubens
1087 5056 1218 5138 piscari.

1294 5152 1340 5218 7*
