3892 6025
569 1082 678 1159 1062.
717 1085 842 1157 Maria
868 1080 1103 1183 Magdalenae.
1131 1082 1292 1183 hymnus.

272 1326 379 1395 Hodie
402 1333 506 1392 mater
528 1324 670 1409 gandeat
693 1286 842 1410 eaeleeia,
950 1266 1106 1412 Impletnr
1150 1325 1264 1391 domna
1309 1328 1464 1410 unguenti
1508 1328 1578 1393 fra·

273 1450 348 1497 nam
357 1430 530 1496 eelieives
547 1430 715 1495 eelebrent
729 1429 899 1493 sollemnia
1315 1430 1461 1514 gremia,
1536 1431 1577 1494 11)

274 1532 317 1598 de
340 1532 526 1618 peceatrice
548 1528 617 1595 filia
639 1530 854 1595 lhemealem.
950 1531 1074 1616 gaudet
1082 1534 1251 1618 peccatrix
1260 1532 1380 1599 damini
1389 1535 1576 1619 praesentia,

272 1696 380 1763 Maria
401 1695 507 1761 Jhesn
530 1694 632 1759 servit
654 1694 686 1759 in
710 1694 869 1777 aceubitu,
950 1636 1064 1719 ‘angit’
1088 1656 1183 1720 quem
1196 1645 1291 1718 amat*
1306 1636 1575 1703 ffli³⁸¹⁰m⁸³¹ffl

272 1798 404 1863 laeditnr
412 1794 522 1861 Simon
533 1797 717 1880 poenitentia
731 1796 861 1879 gemitu,
878 1798 896 1859 5
950 1822 1022 1890 ΗΜ
1039 1833 1163 1908 prm
1175 1826 1277 1907 nobis,
1300 1822 1577 1908 redemptorpffi.

272 1900 383 1985 plorat
405 1908 439 1965 et
462 1908 535 1965 orat
557 1899 623 1964 fllia
645 1898 839 1965 Jerusalem.
1315 1929 1411 2005 sime,

561 2082 612 2127 um
635 2061 824 2145 redemptor
838 2080 898 2125 un.
952 2031 1039 2113 quod
1062 2033 1281 2115 precabantur
1309 2030 1502 2117 peccatricia
1524 2001 1573 2095 la·

273 2060 514 2150 Apauortene
538 2062 559 2127 d
1354 2138 1361 2152 .

639 2162 735 2243 gitur,
1315 2156 1442 2219 (11111110,

274 2265 376 2331 odore
400 2269 486 2332 bono
508 2266 689 2350 pharisaeus
711 2266 856 2347 moritur,
952 2256 1012 2304 ⁰¹⁸
1033 2255 1095 2325 1πο
1117 2240 1211 2307 1101)ῑῦ
1233 2239 1300 2305 filia
1315 2239 1507 2305 Jerusalem·
1533 2240 1574 2301 15

275 2370 400 2435 exultat
421 2370 500 2435 satis
522 2370 590 2434 filia
612 2370 804 2435 Jerusalem.

361 2546 410 2603 lle.
429 2564 464 2602 an
482 2549 619 2604 illinchen
637 2548 705 2605 Cim.
726 2550 821 2603 111909.
841 2550 874 2603 16
891 2547 991 2605 Jahrlr.

460 2899 568 2974 1063.
601 2900 660 2973 De
687 2926 715 2971 e.
741 2900 857 2972 Maria
883 2900 1111 3002 Magdalena.
1148 2902 1194 2975 ad
1219 2928 1393 3003 vesperae.

271 3137 386 3205 Lauda
407 3148 511 3204 mater
535 3140 694 3224 ecelesia,
948 3144 986 3210 fit
1008 3166 1050 3210 ex
1071 3145 1179 3209 lebete
1201 3144 1330 3228 phiala,

314 3241 414 3307 landa
436 3241 556 3308 Christi
581 3244 800 3330 elementiam,
992 3247 1034 3312 de
1056 3267 1136 3314 vase
1160 3248 1370 3315 contumeliae.

272 3347 326 3428 qni
350 3355 476 3432 septem
497 3356 618 3432 purgat
641 3349 720 3414 vitia

314 3472 376 3536 per
398 3451 618 3536 septilormem
643 3453 790 3535 gratiam.
950 3451 1083 3538 [Aegra
1105 3455 1207 3521 enrrit
1228 3455 1270 3522 ad
1292 3455 1465 3537 medicum,

947 3578 1009 3624 vae
1031 3561 1140 3624 terena
1163 3562 1372 3627 aromaticum

270 3663 378 3729 Maria
401 3680 496 3728 soror
517 3661 651 3746 Lazari,
875 3667 895 3726 5
992 3670 1026 3726 et
1048 3683 1068 3726 a
1090 3664 1204 3728 morbo
1226 3663 1393 3747 multiplici
1532 3667 1571 3729 15

315 3786 388 3849 quae
409 3773 458 3831 tot
480 3767 637 3833 commisit
660 3767 807 3849 erimina,
992 3768 1096 3832 verbo
1119 3773 1251 3833 curatur
1271 3765 1416 3850 merlini]

271 3877 313 3941 ab
335 3875 409 3959 ipsa
431 3876 525 3942 lanne
548 3877 662 3941 tartari

316 3979 402 4044 redit
424 3979 466 4043 ad
488 3979 565 4043 vitae
588 3978 705 4042 limina,
949 3964 1145 4051 Surgentem
1168 3987 1241 4036 enm
1262 3972 1401 4038 viatoria

991 4071 1104 4136 Jesum
1127 4073 1218 4138 videt
1240 4075 1281 4139 ab
1303 4073 1433 4156 inieris,

269 4185 349 4251 Post
371 4183 469 4249 llnxae
491 4186 597 4250 earnis
621 4183 776 4249 seandala
947 4177 1053 4258 prima
1073 4184 1216 4242 meretur
1237 4177 1374 4261 gandia,

313 4287 345 4350 in
369 4305 428 4351 vae
452 4287 609 4351 translata
632 4284 747 4368 gloriae
854 4285 894 4348 10
992 4298 1066 4360 quae
1087 4267 1161 4364 'plus
1184 4280 1321 4347 ardebat
1344 4283 1469 4348 ceteris.
1529 4283 1571 4347 2⁰

358 4489 427 4545 Drei
444 4490 505 4545 liae.
525 4504 582 4543 von
597 4489 630 4556 Ι8.
648 4487 733 4544 Peter
752 4503 786 4541 an
804 4486 975 4555 liarleruhe‚
994 4486 1047 4543 No.
1066 4488 1101 4542 6³
1120 4487 1169 4542 dea
1189 4491 1222 4541 15
1240 4489 1339 4543 Jahrlr.
1358 4490 1431 4558 (A),
1462 4489 1514 4543 No.
1533 4490 1567 4542 5⁵

270 4578 319 4632 (les
340 4579 375 4630 11
392 4577 490 4632 Jahrb.
514 4577 585 4646 (Β),
617 4577 670 4632 Νο.
689 4578 724 4630 32
747 4575 796 4630 dea
816 4577 849 4627 15
870 4575 969 4631 Jahrb.
998 4576 1060 4648 (0)
1113 4576 1181 4630 ilina
1206 4574 1502 4631 andereKarlarulrer
1518 4575 1567 4631 lla

270 4681 296 4720 o.
315 4665 369 4719 No.
398 4665 447 4719 des
476 4667 509 4719 11
536 4665 634 4720 lahrh.
664 4663 714 4719 mit
738 4663 788 4717 der
806 4661 927 4718 Melodie
955 4664 1022 4734 (11).
1059 4664 1105 4718 lla
1135 4663 1184 4718 (les
1213 4666 1247 4717 11
1272 4663 1372 4720 Jahrlr.
1397 4663 1426 4717 in
1452 4661 1570 4719 meinem

269 4751 365 4807 Besitn
383 4753 450 4822 (ll).
488 4750 539 4807 Bel
555 4751 651 4806 Daniel
668 4753 692 4819 l,
710 4753 759 4805 221
781 4751 837 4822 (ll)
856 4751 910 4805 nnd
930 4751 1077 4807 l’ltemaeiua
1094 4768 1122 4822 p.
1139 4753 1191 4806 391
1213 4753 1275 4821 (Τ).

357 4877 424 4932 Dies
443 4877 496 4931 und
515 4876 565 4930 das
584 4873 719 4945 fulgenda
737 4873 803 4929 Lietl
829 4875 944 4930 werden
963 4875 1027 4931 dem
1044 4876 1106 4933 Ode
1125 4892 1182 4932 van
1201 4877 1313 4949 Gingny
1337 4877 1567 4948 nngeaehrieben,

269 4966 315 5021 die
340 4967 426 5020 'l'exte
451 4965 579 5019 weicheri
604 4963 673 5018 aber
695 4979 729 5018 ee
753 4964 819 5018 aelrr
843 4979 899 5018 von
925 4963 1058 5019 einander
1082 4964 1119 5019 ab
1142 4966 1199 5020 nnrl
1222 4966 1285 5021 einrl
1301 4966 1330 5021 in
1349 4967 1410 5021 eielr
1427 4964 1519 5020 eelbat
1536 4979 1572 5019 ae

269 5051 467 5122 verschiedem
492 5053 557 5108 daea
576 5069 639 5107 man
658 5051 699 5106 sie
718 5049 847 5106 offenbar
866 5049 894 5106 in
912 5051 985 5106 nwei
1001 5051 1102 5108 Lieder
1120 5059 1239 5110 mannen
1255 5069 1339 5110 mnae.
1375 5057 1407 5110 ln
1424 5054 1448 5108 1)
1465 5050 1566 5126 fulgen
