3892 6025
355 667 430 761 'aas

360 879 431 949 Sex
454 886 551 950 struis
574 885 606 950 in
629 844 742 950 Sicilia
968 887 987 950 ⁵
1044 887 1093 955 ’l'u
1114 863 1311 973 Anglioanis
1333 890 1484 972 gentibus

401 996 438 1054 et
460 989 630 1072 septimum
651 988 684 1052 in
707 986 796 1056 Urbe
1087 992 1241 1058 doctores
1263 994 1483 1078 transmisisti,

360 1097 499 1176 a'ccepta
520 1092 736 1171 monasteria,
1042 1115 1123 1181 quas
1146 1095 1267 1159 meritis
1291 1103 1325 1160 et
1345 1095 1497 1180 precibus

362 1251 367 1260 .
402 1194 480 1260 bino
500 1194 665 1284 subtrahis
686 1201 719 1259 te
743 1197 859 1263 turbae.
1086 1196 1130 1263 ad
1152 1195 1249 1261 iidem
1272 1198 1470 1262 convertisti.

360 1385 405 1456 Ut
426 1407 527 1454 vaces
550 1388 613 1454 deo
635 1389 756 1470 libere,
1041 1383 1168 1450 Flendo
1190 1384 1365 1470 'l'rajanum
1387 1402 1527 1450 revocas

403 1500 536 1557 terrena
557 1491 795 1576 contempsisti,
947 1488 988 1551 1⁰
1086 1508 1105 1553 a
1127 1507 1225 1573 poena
1249 1488 1437 1571 gehennali,

359 1602 397 1660 ut
417 1611 535 1680 posses
556 1595 613 1657 vix
637 1593 831 1674 subsistere,
1042 1597 1199 1656 matronae
1221 1587 1318 1653 fidem
1341 1588 1485 1654 advocas

403 1697 453 1762 sio
474 1714 593 1780 corpus
616 1694 769 1760 afflixisti.
1087 1710 1185 1757 carne
1208 1691 1442 1756 sacramentali.

358 1884 563 1970 Argenteum
577 1879 796 1970 ‘parapsidem
1043 1881 1091 1946 l’n
1113 1881 1229 1965 plenus
1248 1897 1284 1943 es
1306 1879 1493 1959 virtutibus,

403 2007 510 2074 egeno
533 1971 709 2073 erogabas,
1084 2001 1220 2066 magnus
1243 1982 1436 2063 hnmilitate,

360 2093 404 2160 ad
425 2110 568 2158 mensam
590 2091 681 2156 venit
701 2088 812 2157 itidem
945 2089 986 2154 15
1041 2095 1075 2152 tu
1099 2085 1211 2168 largus
1235 2105 1271 2150 es
1293 2087 1507 2170 pauperibus,

402 2202 480 2279 post
500 2214 641 2279 pauper,
665 2202 699 2257 et
721 2194 874 2274 uetabas,
1082 2192 1247 2274 perlectus
1269 2191 1449 2256 sanctitate.

358 2384 454 2464 Quod
475 2385 599 2450 vultum
620 2389 722 2450 mutat
743 2344 905 2464 crebrius,
1039 2380 1197 2449 Columba
1219 2383 1334 2449 doctus
1357 2385 1491 2452 disseris

401 2486 462 2553 sed
484 2488 587 2552 refert
608 2487 793 2585 adjuratus,
1082 2493 1210 2552 secreta
1232 2489 1481 2572 scripturarum,

358 2591 446 2677 quod
468 2591 605 2673 angelus
627 2589 669 2654 sit
692 2590 844 2673 proprius
938 2613 944 2624 ·
1034 2586 1135 2670 juges
1157 2587 1333 2670 languores
1354 2590 1479 2672 pateris

401 2716 423 2761 a
445 2694 509 2759 deo
531 2693 589 2759 tibi
611 2693 715 2758 datus.
941 2690 985 2754 20
1082 2689 1278 2776 doloresque
1296 2711 1481 2778 poenmnm,

356 2884 439 2953 (ium
460 2885 581 2970 papam
602 2882 785 2968 inguinaria
1038 2877 1107 2946 Sed
1130 2882 1236 2946 versis
1254 2882 1324 2966 jam
1347 2885 1539 2951 moeroribus

401 2988 564 3057 decedere
586 2989 711 3072 coegit,
778 3054 781 3060 ,
1081 2993 1114 3053 et
1135 2985 1264 3053 fletibus
1286 2989 1318 3052 in
1341 2989 1441 3057 risum

357 3094 461 3162 omnis
483 3092 630 3158 Romana
652 3090 743 3156 curia
805 3100 808 3106 '
1033 3090 1104 3177 jam
1125 3110 1246 3176 pansas
1268 3112 1288 3157 a
1310 3092 1480 3161 doloribus

399 3199 434 3264 in
456 3217 575 3284 papam
596 3202 630 3261 te
652 3195 769 3279 elegit3
1079 3195 1112 3259 in
1134 3193 1230 3261 deum
1252 3196 1393 3262 tendens
1413 3200 1524 3265 rmum

354 3387 425 3455 Sed
447 3406 520 3455 cum
541 3385 615 3452 lraec
635 3382 822 3470 pestilentia
939 3380 983 3445 25
1036 3384 1083 3451 Te
1106 3403 1218 3469 quaeso
1241 3386 1317 3450 mibi
1339 3388 1467 3453 veniam
1547 3466 1551 3472 .

396 3492 529 3577 plebem
551 3489 658 3556 adbuc
678 3494 841 3571 vastaret,
1080 3494 1114 3551 et
1136 3488 1247 3571 lugam
1268 3488 1420 3555 vitiorum

355 3602 393 3662 nt
414 3594 509 3680 plebs
531 3610 664 3678 precum
687 3589 841 3655 instantia
1036 3608 1180 3675 exposce
1203 3590 1416 3675 deigratiam

398 3698 577 3764 ferventius
599 3701 725 3778 oraret,
1080 3702 1113 3761 et
1135 3696 1262 3781 copiam
1280 3696 1447 3765 donorum.

355 3887 439 3956 (lum
460 3888 590 3954 letaniis
604 3885 742 3952 instruis
1035 3884 1082 3951 'l'e
1103 3886 1216 3971 llagito
1239 3889 1408 3973 attentius,

396 3994 480 4060 cleri
500 3992 760 4077 processionem,
939 3986 981 4051 30
1078 3992 1282 4057 sanctissime
1303 3992 1462 4077 Gregori,

354 4097 405 4180 sic
425 4097 578 4182 precibus
600 4094 739 4161 assiduis
1034 4094 1117 4159 assis
1139 4094 1216 4158 mibi
1238 4096 1415 4180 propitius,

362 4200 486 4267 ‘banc
507 4198 604 4265 sedas
625 4198 819 4283 passionem
1078 4196 1154 4263 dnm
1170 4216 1222 4263 me
1244 4199 1412 4283 contingat
1433 4201 1530 4281 mori,

354 4366 427 4436 Deo
448 4386 570 4434 vacare
594 4364 722 4430 inhians
1033 4358 1077 4429 Et
1098 4362 1140 4429 ab
1165 4369 1289 4429 aterna
1310 4362 1414 4431 libera
1619 4368 1661 4429 65
1789 4442 1790 4455 χ

397 4471 504 4536 latere
525 4466 711 4547 conabaris,
896 4516 902 4528 .
1077 4486 1128 4531 me
1152 4486 1250 4552 poena
1272 4469 1485 4550 reproborum

352 4577 503 4644 columna
523 4571 606 4638 lucis
626 4568 761 4635 radium
938 4562 981 4628 35
1033 4578 1067 4635 et
1089 4578 1194 4635 tecum
1216 4568 1279 4635 duc
1296 4578 1386 4635 trans
1408 4570 1534 4635 aethera

394 4690 431 4747 te
453 4679 580 4767 prodit,
601 4674 780 4742 revocaris.
1075 4674 1109 4740 iu
1130 4673 1251 4782 gaudia
1273 4682 1466 4739 sauctorum.

438 4839 645 4910 Strsssburger
658 4837 705 4893 lls.
722 4832 755 4890 tt
772 4834 833 4889 316.
857 4831 902 4889 Bl.
920 4834 981 4888 172.
1005 4832 1059 4905 (S)
1081 4832 1138 4889 und
1159 4833 1351 4889 lleichenauer
1374 4831 1517 4902 Pap-lis.
1541 4832 1596 4890 No.
1615 4836 1661 4890 36.

351 4930 397 4988 Bb
414 4930 466 4984 tot
494 4926 553 4999 (u)
574 4925 626 4982 des
642 4925 677 4981 lt
694 4920 793 4981 Jahrb.
817 4937 853 4977 zu
870 4919 1036 4977 Karlsrulre.
1081 4920 1129 4977 lls.
1157 4938 1192 4976 su
1219 4920 1357 4977 lliucben
1382 4920 1451 4979 (llm.
1470 4922 1548 4975 30¹2.
1575 4916 1657 4975 tce

349 5012 698 5167 phoho'mrlhd(ht)e.htVon
716 5011 779 5071 dem
795 5008 880 5069 Prior
899 5008 1011 5069 Korrat
1033 5022 1092 5067 vos
1110 5008 1242 5117 (lamine,
1278 5012 1362 5065 anter
1379 5006 1487 5085 ‚descen
1506 5006 1659 5067 sedetur
