3892 6025
377 615 443 711 1⁶5²

379 799 483 884 Laus,
506 799 625 881 bonor,
648 815 771 881 sponso
787 796 948 880 virginum
964 796 1005 858 25
1060 796 1194 877 quinos
1218 802 1402 859 sanatorum
1424 793 1546 857 meritis

378 924 464 971 nuno
487 912 521 968 at
541 922 602 985 per
625 919 720 966 omne
744 900 917 982 saeeulum,
1059 898 1132 962 ooeli
1156 896 1334 980 conjungat
1355 893 1491 978 gaudiis.

465 1085 660 1143 Reinbenauar
676 1086 725 1141 lls.
745 1086 796 1140 No.
816 1086 857 1138 60.
876 1084 920 1139 Bl.
937 1085 999 1137 213.
1018 1098 1069 1137 aus
1087 1080 1149 1135 aem
1171 1083 1203 1135 lt
1219 1080 1317 1134 Jahrb.

462 1213 535 1279 iet,
554 1209 601 1265 lla.
638 1207 777 1280 &pingit
797 1211 917 1277 serenat,
935 1206 986 1261 Iis.

805 1491 889 1565 755.
931 1491 990 1563 De
1016 1515 1086 1560 una
1113 1490 1260 1589 virgine.

529 1709 661 1778 Laudes
683 1711 754 1795 ejus
776 1712 872 1793 virgo
896 1717 986 1775 easta
1009 1710 1133 1775 reoolat
1156 1709 1295 1773 ecelesia

530 1823 565 1881 et
588 1822 748 1898 conrepta
770 1812 871 1879 eorde
894 1822 973 1878 vota
995 1819 1216 1896 protestentur
1237 1812 1332 1877 labia.

406 2058 411 2071 .
527 2001 592 2069 Uni
614 2003 812 2086 desponsata
834 2001 906 2065 viro
929 2001 1050 2086 psallat
1074 2020 1145 2066 eum
1168 2002 1308 2083 laetitiae,

525 2106 664 2190 pulnbra
687 2104 824 2190 pnlobro
847 2104 1025 2188 placitura,
1049 2105 1078 2169 si
1101 2103 1223 2173 devitet
1245 2106 1361 2188 turpia.

528 2294 691 2380 Sponsum
713 2312 804 2359 saum
826 2310 948 2377 sponsa
970 2292 1083 2358 laudet
1104 2300 1139 2356 et
1160 2292 1367 2376 epithalamia

527 2418 597 2463 suae
620 2397 879 2481 desponsationis
901 2396 949 2459 illi
967 2403 1076 2461 eantet
1098 2394 1213 2461 duloia.

523 2584 631 2670 Super
653 2604 779 2651 omnem
801 2586 929 2651 landem
953 2587 1027 2671 ejus
1049 2586 1150 2651 addat
1172 2593 1206 2650 et
1229 2585 1270 2649 de
1293 2586 1417 2669 gratia,

524 2708 588 2772 qna
609 2690 790 2755 eonformat
810 2691 871 2754 sibi
894 2708 969 2755 reos
992 2691 1186 2756 reformatos
1207 2688 1311 2752 venia.

521 2877 616 2943 Hune
637 2877 794 2943 honoram
817 2878 878 2945 sibi
900 2881 1017 2961 quaerit
1039 2888 1072 2943 at
1094 2879 1167 2944 baeo
1190 2879 1416 2967 superomnia

521 2982 606 3065 legis
629 2981 821 3048 bolooauata
842 2981 967 3066 planet,
991 2982 1092 3067 digna
1115 2980 1246 3048 laudum
1267 2982 1392 3065 bestia,

519 3169 592 3236 Illio
612 3171 676 3236 iter
698 3189 763 3254 qno
787 3171 929 3237 dedueat
951 3190 1103 3256 sponsam
1126 3173 1170 3237 ad
1192 3173 1311 3239 cubilia

519 3281 553 3339 et
576 3274 728 3338 ostendat
749 3275 938 3357 salutarem,
961 3276 1045 3341 sient
1068 3277 1172 3341 estin
1194 3277 1309 3360 gloria.

515 3463 599 3528 Nam
621 3470 656 3527 et
676 3463 750 3528 baeo
771 3465 868 3528 beata
890 3463 1000 3546 virgo,
1023 3464 1116 3549 enjus
1139 3465 1285 3530 natalitia

516 3567 738 3648 celebramus,
759 3586 821 3652 per
843 3565 916 3630 haee
937 3567 1011 3650 ipsa
1032 3566 1163 3633 laudum
1186 3567 1347 3634 saerilioia

510 3753 588 3838 Ipso
611 3754 694 3821 (lnoe
713 3755 783 3840 jam
805 3759 957 3841 pervenit
979 3756 1022 3822 ad
1044 3758 1116 3841 ejus
1135 3759 1274 3841 palatia,

514 3858 570 3923 ubi
593 3865 700 3942 tenet,
724 3879 797 3942 quae
820 3864 991 3946 sperabat,
1013 3863 1213 3946 repromissa
1234 3865 1368 3946 praemia

510 4045 555 4114 Et
574 4043 645 4130 jaim
668 4049 786 4126 oernit,
810 4069 883 4132 quae
906 4053 1091 4134 quaerebat,
1114 4051 1189 4116 dum
1210 4073 1272 4137 per
1294 4054 1367 4118 baeo
1389 4055 1487 4119 exilia

511 4151 588 4234 agni
610 4153 682 4216 veri
703 4155 901 4234 sequebatur
924 4174 1124 4237 quaeeunque
1146 4158 1294 4240 vestigia.

510 4338 605 4418 Quod
627 4358 692 4406 nou
715 4343 785 4406 sine
806 4342 958 4426 virginali
981 4353 1092 4429 potest
1115 4347 1311 4411 continentia

508 4449 707 4523 balatonum,
729 4444 782 4527 qni
805 4454 982 4528 sequnntur
1004 4467 1141 4530 agnum,
1165 4449 1267 4514 virtus
1291 4450 1362 4514 alia.

507 4582 598 4699 Ergo
622 4585 698 4681 dum
718 4617 948 4700 peregrinatur
971 4627 1123 4701 erratque
1144 4639 1206 4703 per
1228 4620 1342 4702 (levia,

507 4716 606 4800 hujus
628 4720 706 4810 vitae
728 4737 849 4803 sponsa
872 4718 994 4786 Christi
1015 4722 1088 4788 baso
1109 4724 1333 4808 corruptibilia

504 4885 613 4953 corde
637 4897 789 4974 spernat,
812 4909 871 4975 spe
894 4901 1049 4976 sequatur
1071 4895 1114 4959 ad
1135 4897 1334 4962 inmutabilia

401 5094 403 5103 k
501 5011 637 5118 agnum,
664 4993 718 5076 qni
738 4995 929 5062 remissione
952 4999 1036 5063 tollit
1057 4999 1167 5064 mundi
1188 5001 1278 5066 vitia.
