3892 6025
287 889 409 955 Octavi
431 890 505 953 anui
529 889 650 955 circulo

287 999 388 1074 pater
410 985 582 1055 Afbortum
605 1000 740 1076 peracto

288 1096 427 1172 affatur,
449 1101 485 1158 ut
507 1094 665 1159 alluderet

288 1206 327 1262 et
348 1197 434 1262 huno
457 1199 569 1282 nuptui
592 1200 744 1264 traderet.

973 898 1008 955 et
1029 893 1077 956 sic
1099 890 1224 971 reginae
1244 890 1409 972 virgiuum

880 994 919 1057 10
971 994 1219 1059 immolaverunt
1239 990 1421 1060 Albettunn

971 1184 1123 1271 Accepta
1146 1189 1249 1271 patris
1271 1192 1379 1271 gratia

972 1288 1015 1354 ad
1038 1291 1172 1354 fratrum
1195 1292 1248 1355 bio
1270 1292 1387 1357 solatia

972 1391 1219 1457 carmelitarum
1243 1392 1348 1457 ordini

972 1514 1045 1559 sese
1068 1496 1212 1562 donabat
1234 1496 1385 1581 'l'rapani

289 1387 391 1453 Pater
415 1387 561 1455 decrevit
583 1389 693 1455 facere

289 1493 385 1555 uxori
410 1510 537 1573 quoque
559 1492 714 1576 prodere,

291 1594 354 1657 sed
377 1594 439 1659 ista
462 1598 571 1661 obstat
593 1597 701 1661 valide
880 1602 918 1661 15

291 1704 327 1761 et
350 1698 450 1781 coepit
471 1698 543 1761 viro
567 1697 685 1765 dicere.

971 1686 1075 1769 liujus
1097 1704 1173 1767 nos,
1196 1683 1340 1765 Christe,
1362 1688 1514 1769 precibus

971 1788 1120 1872 supernis
1137 1788 1242 1871 junge
1266 1788 1406 1871 civibus,
1554 1788 1595 1851 30

293 1882 447 1967 „Nescis,
472 1886 558 1967 quod
579 1896 658 1951 voto
682 1889 818 1972 supplici

292 1990 347 2055 bio
371 1989 464 2055 datus
487 1994 581 2056 matri
607 1992 749 2058 dominii

291 2094 380 2159 buno
403 2104 532 2179 oportet
554 2098 726 2162 virtutibus

292 2198 406 2262 ornari
428 2200 514 2264 sacri
535 2198 695 2265 habitus.“

291 2382 349 2449 Ad
372 2386 444 2452 haec
463 2396 557 2472 pater
579 2392 761 2475 obstupuit-

293 2497 328 2551 et
352 2488 435 2553 ultra
457 2490 546 2572 loqui
568 2492 683 2573 timuit,

971 1892 1089 1955 ablatis
1111 1891 1307 1957 facinoribus

864 2050 872 2063 .
972 2002 1005 2058 et
1027 1994 1138 2057 saeculi
1161 1995 1335 2059 erroribus.

878 2204 918 2265 20
969 2181 1096 2245 Praesta
1119 2191 1213 2265 pater
1235 2182 1379 2265 ingenite

971 2294 1006 2349 et
1026 2286 1074 2349 fili
1095 2287 1310 2370 primogenite

973 2408 1044 2454 curu
1067 2400 1277 2455 sacrosancto
1299 2390 1427 2455 flamine

973 2510 1056 2557 nunc
1078 2501 1112 2557 et
1134 2494 1166 2557 iu
1189 2496 1274 2557 omni
1297 2502 1451 2578 tempore.

1554 2392 1596 2453 35

165 2702 166 2732 r
383 2674 430 2727 ils.
449 2690 484 2728 an
502 2674 651 2747 Bamberg,
669 2676 717 2731 Ed.
739 2677 797 2731 Vll.
818 2679 861 2731 36.
881 2676 930 2731 des
949 2678 983 2729 15
1000 2676 1098 2731 Jahrb.
1132 2677 1233 2732 Albert
1251 2677 1331 2731 starb
1352 2680 1433 2747 1300,
1461 2677 1512 2731 das
1530 2677 1599 2732 Lied

167 2803 169 2858 ε
292 2759 330 2815 ist
348 2760 411 2815 also
429 2762 505 2815 nicht
523 2763 598 2819 alter
615 2766 659 2820 als
678 2767 728 2821 das
748 2769 783 2820 14
799 2766 900 2822 Jahrb

383 2885 400 2937 ²
432 2886 657 2955 preconciunat,
686 2888 737 2942 ils.
788 2889 805 2941 3
830 2886 951 2955 cathol,
987 2887 1033 2941 ile
1091 2887 1126 2941 10
1151 2892 1268 2957 peracto
1297 2892 1354 2956 pat.
1383 2885 1517 2954 biberto,
1549 2884 1598 2942 Hs.

295 2972 329 3026 18
347 2976 452 3040 matre,
471 2972 518 3028 Hs.
553 2975 588 3028 26
607 2970 739 3043 fratrem,
757 2974 805 3030 Hs.

531 3335 533 3349 ,
647 3261 732 3335 780.
766 3261 972 3360 flpmpnum
999 3285 1026 3331 s.
1052 3257 1244 3334 Ambrosii.

293 3479 489 3545 Miraculum
511 3481 673 3547 laudabile

293 3584 403 3648 canite
426 3601 536 3648 omues
558 3587 686 3670 popuii,

294 3686 384 3770 quod
407 3687 515 3754 datum
538 3699 588 3754 est
609 3692 758 3757 ecclesiae

294 3789 463 3856 fluctuanti
485 3793 516 3857 iu
540 3797 677 3878 saeculo,

969 3483 1026 3567 jus
1049 3481 1123 3546 dum
1145 3491 1254 3565 portat
1276 3481 1395 3563 gladii,
1557 3482 1598 3546 1⁵

975 3585 1118 3669 suscepit
1139 3587 1310 3668 evangelii.

974 3776 1165 3859 Mysterium
1188 3777 1400 3858 incognitum,

975 3881 1147 3945 altissimus
1171 3879 1256 3961 quod
1279 3887 1435 3960 noverat,

293 3978 504 4046 Ambrosium
528 3994 636 4050 vatem
659 4006 825 4070 magnum,
900 3988 920 4049 5
975 3982 1115 4048 nondum
1137 3982 1265 4048 ablutus
1291 3983 1426 4049 iavacro

294 4082 562 4166 praedestinatum
586 4107 606 4151 a
629 4088 707 4168 deo,
975 4086 1121 4172 pontifex
1144 4086 1282 4168 eligitur.
1556 4088 1598 4153 20

294 4193 530 4268 temporeque
556 4187 702 4254 diabolus

296 4285 480 4351 foedaverat
502 4290 621 4372 templa
644 4289 705 4354 dei,
974 4277 1147 4360 Ingressus
1169 4283 1220 4340 esf
1242 4277 1414 4342 0001001810

975 4379 1105 4461 plebem
1127 4375 1244 4440 sedare
1265 4376 1444 4460 turbidam,

297 4479 459 4563 Christus,
484 4483 538 4563 qui
560 4502 721 4565 nunquam
744 4483 877 4568 deserit,
976 4493 1143 4549 contorum
1167 4501 1224 4546 ora
1247 4483 1463 4548 conclamant:

297 4606 379 4671 quos
402 4607 462 4652 suo
485 4588 612 4653 redimit
635 4591 804 4672 sanguine,
881 4592 921 4656 10
977 4589 1205 4674 „Ambrosium
1228 4582 1453 4672 episcopum“!

168 4699 169 4702 ’
298 4693 416 4756 direxit
438 4693 541 4756 virum
564 4693 720 4774 inclitum,

975 4778 1068 4846 Arrii
1089 4790 1165 4845 tuno
1186 4777 1325 4863 perfidia
1560 4778 1603 4841 25

977 4893 1137 4967 purgatur
1160 4881 1202 4945 de
1225 4880 1364 4946 ecclesia
1371 4900 1380 4960 3

979 4996 1096 5052 cuncta
1118 4993 1316 5069 concrepant
1338 4983 1486 5066 agmina,

979 5110 1042 5155 nec
1065 5091 1182 5156 desunt
1205 5090 1327 5155 Christi
1348 5107 1490 5153 munera.

297 4803 332 4860 ut
353 4795 486 4859 Arrium
511 4797 701 4861 destrueret.

297 4985 419 5053 Infulas
441 4987 516 5053 dum
538 4990 624 5072 gerit
646 4990 775 5072 saeculi,

297 5087 473 5170 adquisivit
494 5090 656 5175 paradisi,
