3892 6025
381 658 451 729 ddi

380 848 412 899 et
430 860 452 899 s.
469 842 606 899 lanaeum
625 842 693 899 olim
711 843 739 897 in
758 842 911 899 eorundem
932 841 1157 897 solemnitatibus
1183 842 1294 898 mutari
1311 843 1438 899 consueti
1454 842 1589 914 exscripti
1607 848 1685 913 sunt,

384 947 421 987 ne
440 930 552 987 omuino
569 929 702 1002 perirent„

471 1071 507 1124 24
525 1068 675 1136 medicine,
693 1068 740 1122 ils

517 1385 626 1459 1129.
661 1385 720 1458 De
746 1410 774 1455 s.
796 1384 981 1457 Pir-minio.
1014 1383 1060 1455 ad
1083 1408 1257 1483 vesperas.
1296 1389 1565 1483 responsoriam.

384 1622 412 1689 0
435 1643 530 1707 quam
550 1622 713 1689 laudanda
1060 1642 1081 1688 o
1104 1623 1238 1689 lucerua
1264 1623 1375 1688 lucens

384 1723 481 1809 hujus
504 1727 607 1791 sancti
630 1725 789 1807 solennia,
1103 1726 1135 1788 iu
1159 1733 1337 1808 conspeetu
1359 1723 1494 1809 domiui,

384 1847 480 1911 quem
504 1830 546 1894 ob
569 1828 720 1892 virtutum
742 1826 880 1909 iusignia
1060 1846 1228 1911 ogemma
1249 1828 1441 1912 sacerdotii,

384 1934 540 1998 ooelorum
562 1929 695 1997 laudaut
717 1931 854 2015 agmina.
1103 1939 1137 1995 tu
1159 1938 1254 2014 pater
1274 1932 1521 2016 monaobouum,
1646 1938 1689 1997 15

987 2070 1006 2129 5
1060 2035 1114 2117 qui
1135 2034 1238 2118 patris
1257 2032 1428 2099 Benedicti

1102 2134 1249 2217 regulam
1271 2136 1356 2199 bene
1379 2144 1516 2217 norunt,

1060 2259 1171 2306 omues
1193 2259 1253 2305 uos
1276 2241 1371 2306 trabe
1395 2260 1536 2328 propere

1103 2342 1145 2408 ad
1168 2344 1289 2427 gaudia
1314 2346 1488 2427 erulorum,

635 2480 754 2530 vm,
1060 2465 1141 2530 quos
1163 2448 1222 2513 tibi
1243 2449 1350 2516 oernis
1371 2451 1515 2533 psallero
1643 2454 1688 2517 20

1103 2551 1163 2616 bos
1186 2553 1321 2637 plausus
1344 2555 1551 2620 cantieorum.

384 2066 579 2150 oriuntur,
691 2138 694 2145 ,

384 2170 494 2236 divino
513 2171 617 2254 junge
640 2170 748 2235 lumini

383 2281 518 2338 ouuotos
540 2273 593 2337 bio
614 2282 789 2355 gregatos,

382 2622 428 2692 Ut
450 2624 536 2711 apud
559 2632 591 2690 te
613 2625 645 2689 iu
668 2624 774 2709 petria

382 2730 528 2797 mamm
550 2728 604 2795 dei
627 2730 741 2813 gloria.
1262 2744 1484 2809 matonam.

1059 2881 1151 2948 Voss
1174 2882 1283 2949 oordis
1304 2901 1496 2948 resonemus

1059 3004 1173 3070 regem
1194 3004 1309 3069 regum
1331 2984 1522 3068 adoremus,

383 3082 412 3149 0
433 3084 540 3150 lumen
563 3083 782 3169 splendidum,
967 3087 1008 3150 1⁰
1060 3088 1114 3172 qui
1135 3095 1283 3153 sanetum
1308 3089 1394 3154 buno
1414 3087 1601 3154 Pirminium

426 3193 539 3252 sanate
562 3188 684 3272 praesul
705 3187 848 3271 Piumiui,
1060 3191 1169 3258 eboris
1186 3191 1297 3278 junxit
1319 3191 1507 3259 ooelestium.
1641 3194 1687 3256 25

518 2922 671 3005 manselli
692 2922 872 3004 umplona

470 3372 663 3428 lleiebenauer
680 3372 728 3427 lls.
753 3371 806 3427 No.
824 3372 867 3426 ott.
895 3371 937 3426 lll
954 3373 991 3426 36
1015 3388 1052 3426 no
1069 3371 1241 3441 llarlsrube,
1271 3371 1307 3426 tt
1323 3369 1422 3426 Jabrls
1457 3369 1489 3423 ln
1507 3367 1561 3424 den
1579 3365 1688 3424 officia

382 3459 503 3532 propria
527 3463 689 3516 sanetorum
715 3457 847 3514 dionesie
875 3456 1101 3519 constantiensis
1129 3458 1242 3527 (const
1262 3457 1349 3529 1698)
1371 3458 1449 3512 stobt
1471 3455 1538 3512 lseiu
1554 3455 1685 3528 llymuus

381 3545 438 3606 aui
451 3547 501 3604 das
518 3547 586 3606 l‘est
605 3546 655 3603 des
672 3546 809 3619 lloiligon

411 3884 522 3962 11³0.
554 3880 626 3958 SS.
651 3893 840 3984 martyrum
866 3879 1008 3954 Plaoidi
1034 3891 1071 3952 et
1093 3882 1268 3954 sociorum
1294 3878 1380 3978 ejus.
1427 3877 1474 3951 ad
1495 3902 1663 3979 vesperas

953 3999 1114 4104 hymnus.

382 4227 570 4298 comensis
593 4231 700 4316 gloria
1060 4223 1245 4290 (lorusoans
1267 4223 1467 4291 mirabilibus

379 4352 503 4420 perpes
526 4341 560 4399 et
581 4333 718 4398 viatoria
1059 4327 1185 4411 magnis
1209 4333 1306 4410 atquo
1327 4327 1506 4413 nobilibus,
1645 4330 1688 4392 10

317 4447 320 4453 “
380 4443 438 4504 tua
460 4433 559 4518 digua
581 4431 736 4500 memorii
1058 4430 1175 4496 favens
1195 4431 1432 4498 miserabilibus

380 4546 477 4625 geste
499 4545 611 4604 namet
633 4537 776 4604 matema
1059 4552 1189 4620 quoquo
1210 4533 1308 4600 modo
1331 4533 1500 4600 debilibus.

378 4727 536 4800 Romanis
558 4736 662 4797 ortum
685 4729 818 4813 regibus
986 4729 1005 4792 5
1058 4727 1138 4793 Post
1160 4727 1252 4792 varia
1273 4727 1447 4811 supplicia,

378 4831 609 4916 omnipotentis
631 4833 759 4916 legibus
1057 4837 1219 4896 tormenta
1239 4828 1427 4914 multiplicia

377 4935 413 5002 in
433 4933 601 5002 Benedicti
622 4939 780 5021 gregibus
1057 4943 1115 5001 tua
1135 4937 1269 5001 menbra
1291 4933 1431 5018 pueritia
1641 4934 1684 4994 15

378 5039 549 5108 ducatum
571 5049 604 5106 te
629 5042 774 5126 legimus.
1058 5040 1270 5108 ostenduntur
1291 5040 1447 5108 viotrioia.
