3892 6025
388 880 426 935 nd
442 893 580 949 vesperus,
598 880 748 951 mtlptonc

292 1002 389 1059 Gaude
409 1000 476 1056 diva
493 1001 575 1057 radix
591 1002 720 1072 levificu,

291 1090 365 1145 tanti
382 1088 455 1144 rami
473 1089 543 1145 daus
562 1090 644 1145 nobis
663 1090 783 1163 gaudia,

290 1174 383 1247 magis
402 1180 496 1231 tumen
516 1176 632 1249 plaudet
649 1176 772 1232 ecelesia

181 1298 182 1313 2
291 1264 419 1334 apostoli
437 1266 535 1321 dotata
553 1264 651 1337 glunit

290 1351 420 1407 ltuttbrm
437 1352 583 1424 regnantis
598 1352 628 1407 in
645 1352 748 1424 patria.

472 1502 674 1571 responsoriam

291 1624 361 1679 Dum
379 1622 530 1677 Matthaeus
549 1622 690 1677 Christum
708 1617 800 1692 latur,

325 1712 490 1767 Maurorum
509 1710 587 1782 regis
606 1705 667 1764 lilia

976 882 1045 938 vivo
1063 884 1153 941 verbo
1171 884 1326 957 inspiratur

1011 971 1141 1027 cmlibum
1160 977 1226 1028 tunc
1244 978 1418 1047 comtuntia,

973 1056 1071 1127 sicque
1090 1059 1205 1115 Christo
1224 1060 1412 1132 desponsatur

1008 1144 1128 1218 insignis
1146 1145 1292 1219 Epigenia.

1154 1326 1191 1381 ud
1207 1329 1351 1383 mdccc.

972 1440 1124 1500 'l'raust'ert
1141 1444 1187 1500 dei
1205 1446 1243 1501 ad
1259 1446 1376 1503 liauros
1393 1443 1482 1505 lilium

973 1530 1124 1586 llatthaeus
1142 1531 1212 1587 dans
1230 1532 1272 1587 eis
1290 1534 1452 1603 consilium,

972 1623 1004 1672 nt
1022 1617 1170 1674 credentes
1188 1626 1255 1691 post
1273 1620 1329 1675 hnc
1346 1621 1461 1676 exilium

973 1706 1108 1778 triumphi
1125 1707 1279 1780 suscipiant
1297 1708 1394 1763 lilium.
1413 1714 1467 1763 etc.

345 1851 379 1905 V.
399 1853 477 1905 1-3.
501 1848 566 1913 τοὺς
580 1849 648 1913 σούς
662 1846 842 1915 ἀποστόλους,
859 1848 933 1905 θεοῦ
946 1846 1018 1925 loys,
1032 1846 1179 1925 φωσῐῆρας
1194 1844 1421 1921 ἀνέδειξαςζωῆς.
1439 1850 1512 1907 ch.
1521 1852 1563 1906 16.

344 1936 378 1991 V.
397 1939 422 1991 9.
442 1939 485 1991 10.
512 1936 545 2011 τῇ
562 1936 598 2009 σῇ
616 1938 795 1999 καθοπλίσας
814 1940 966 2007 παντευχίᾳ
981 1938 1144 2003 Mna-iuter,
1162 1934 1268 2011 σωτὴρ,
1285 1934 1425 2011 cuprinos
1443 1936 1565 1995 comd-

260 2043 335 2101 τερον
353 2020 484 2101 eipqciuar.
509 2022 578 2079 lbid.

336 2333 425 2407 723.
465 2332 622 2407 Simonis
649 2330 817 2407 Cananaei
846 2342 881 2405 et
906 2331 1014 2406 dudae
1037 2331 1213 2405 Thaddoei
1239 2333 1489 2433 apostolorum.

257 2533 356 2603 Salve
379 2534 493 2602 Sirion
516 2535 696 2621 Cananaee,

296 2660 394 2723 quem
418 2640 519 2722 elegit
541 2638 703 2721 dominus,

256 2744 347 2809 salve
370 2742 462 2808 Juds
482 2744 538 2807 vel
559 2742 741 2825 Thaddaee,

295 2845 450 2910 Christus
471 2844 675 2910 nihilominus

255 2954 353 3015 vocat
375 2946 419 3011 ad
442 2947 659 3031 apostolatum

295 3069 360 3116 vos
382 3050 650 3134 misericorditer,

256 3155 350 3221 vobis
374 3155 534 3220 exhibens
552 3161 726 3238 cognatum

180 3325 181 3328 ,
296 3278 334 3322 se
358 3257 568 3322 familiariter.

180 3521 182 3552 ;
258 3444 312 3511 Ad
333 3443 526 3529 Abagarum
548 3445 682 3527 venisti,

298 3551 448 3616 coelibem
472 3549 703 3632 christicolam,

257 3661 290 3716 ut
309 3653 503 3737 promissum
526 3655 588 3719 sibi
611 3651 731 3717 Christi

298 3765 371 3823 erat
393 3778 454 3842 per
478 3760 662 3845 epistolam,

257 3879 327 3926 cum
349 3879 414 3942 qua
438 3860 508 3943 ejus
532 3861 733 3944 contricasti,

297 3971 412 4028 sancte
435 3963 534 4047 Juda,
558 3964 674 4029 faciem

257 4075 287 4130 et
312 4087 333 4130 a
355 4066 451 4149 lepra
471 4085 547 4131 mox
569 4066 706 4149 curasti,

297 4171 420 4235 claram
442 4169 584 4234 reddens
608 4170 759 4254 speciem.

257 4357 320 4424 Per
343 4359 492 4425 diversas
516 4369 621 4426 terras
643 4361 715 4427 istis

297 4462 501 4547 praedicandi
522 4467 644 4550 gratia,

258 4567 349 4632 simul
370 4565 539 4633 Persidem
561 4571 695 4636 venistis

299 4669 351 4734 dei
374 4672 600 4757 providentia,

259 4772 310 4837 ubi
332 4793 448 4858 magos
470 4777 644 4842 illudentes

301 4878 397 4942 noxie
422 4877 603 4945 hominibus

262 4985 293 5040 et
314 4988 483 5064 serpentes
505 4982 724 5066 producentes

301 5093 414 5150 contra
436 5102 499 5150 vos
522 5089 715 5156 carminibus

933 2534 1126 2619 Effugastis,
1150 2554 1231 2618 quos
1253 2544 1424 2621 serpentes
1520 2538 1561 2602 25

975 2640 1071 2725 jussu
1091 2646 1204 2703 vestro
1226 2637 1397 2722 laeseraut,

935 2741 1137 2825 tigridesqus
1159 2742 1349 2823 saevientes,

980 2846 1034 2928 qui
1055 2846 1168 2929 plures
1190 2853 1408 2929 necaverant,

862 2948 882 3010 5
935 2948 1118 3034 repulistis,
1141 2955 1176 3014 et
1196 2956 1362 3014 morantes

980 3053 1026 3118 ibi
1049 3053 1166 3118 multos
1188 3055 1329 3138 populos
1520 3055 1564 3120 30

936 3156 1142 3221 convertistis
1164 3157 1369 3240 baptizantes

980 3266 1015 3322 et
1038 3259 1195 3325 docentes
1213 3259 1355 3326 sedulos.

936 3447 1029 3532 Magi
1054 3467 1134 3512 vero
1156 3450 1355 3532 instigabant

842 3549 883 3613 1⁰
981 3561 1015 3618 et
1036 3553 1142 3617 msani
1163 3552 1355 3637 pontifices,

937 3655 992 3737 qui
1013 3662 1090 3738 post
1112 3654 1175 3719 hoc
1195 3672 1255 3719 vos
1274 3653 1497 3741 captivabant,
1521 3659 1564 3722 85

980 3776 1021 3821 ac
1043 3775 1156 3822 eorum
1180 3759 1354 3842 complices
1361 3807 1371 3843 ,

935 3879 999 3926 vos
1020 3860 1062 3925 ad
1085 3861 1174 3926 idola
1196 3862 1364 3926 trahentes

980 3965 1148 4030 immolare
1169 3967 1319 4050 incitant,

840 4070 883 4132 15
936 4091 998 4156 per
1020 4088 1081 4134 vos
1104 4070 1269 4135 daemones
1293 4072 1466 4137 trementes

980 4193 1016 4238 so
1039 4175 1184 4256 torqueri
1208 4175 1381 4240 clamitant.
1521 4175 1564 4239 lc

936 4364 1172 4448 llaemonesque
1197 4366 1241 4430 dii
1264 4367 1456 4451 templorum

980 4469 1067 4550 nigri
1089 4476 1125 4532 nt
1147 4469 1299 4552 fuligines

937 4579 1142 4661 apparebant
1163 4577 1324 4642 idolorum

841 4680 884 4745 20
980 4681 1171 4763 frangentes
1193 4681 1362 4763 imagines.

937 4786 980 4849 ob
1003 4784 1067 4849 hoc
1088 4784 1182 4867 plebs
1204 4801 1265 4847 vos
1288 4783 1447 4850 cruciavit
1518 4784 1561 4847 45

980 4891 1143 4970 martyres
1166 4885 1349 4968 constitnit,

936 4990 1046 5073 fulgur
1068 4989 1220 5073 templum
1243 4986 1427 5053 devastavit

978 5111 1158 5178 magosque
1182 5093 1373 5160 comminuit
