3892 6025
395 670 461 736 666

396 858 485 927 luter
506 859 644 941 quinque
667 858 832 941 sapientes
890 920 893 931 ,
970 895 976 901 -
1073 876 1198 941 praeses
1217 866 1253 923 ut
1273 858 1359 924 hauc
1380 860 1554 943 imperavit

397 964 524 1047 puellas
546 962 631 1028 hanc
653 968 850 1045 reponentes
978 961 1019 1027 20
1073 962 1156 1027 caedi
1178 964 1299 1046 virgis,
1321 982 1387 1028 nen
1406 966 1542 1048 expavit
1651 969 1688 1029 35

440 1086 633 1130 veneremur
655 1066 819 1130 laudibus:
1117 1064 1279 1132 Christum
1302 1086 1400 1132 orans
1425 1068 1551 1134 sedula.

398 1167 494 1251 hujus
516 1168 623 1232 lumen
647 1169 790 1233 caritatis

397 1293 440 1339 ex
462 1275 587 1356 liquore
611 1256 780 1338 suavitatis

440 1377 582 1441 ardescit
604 1376 815 1462 lampadibus.

1072 1227 1182 1293 Fortis
1205 1229 1277 1295 haec
1300 1229 1331 1293 in
1356 1229 1510 1314 passione

1071 1351 1214 1414 pugnam
1236 1332 1338 1413 gessit
1361 1351 1433 1396 cum
1456 1331 1616 1414 dracone,

1066 1514 1070 1521 Ι
1115 1452 1210 1514 quem
1233 1432 1328 1497 scidit
1349 1453 1409 1516 per
1431 1433 1589 1515 medium3

396 1538 478 1605 nee
498 1539 530 1602 in
554 1540 645 1603 annis
664 1538 844 1622 juventutis
977 1542 1019 1603 25
1071 1544 1147 1618 post
1168 1535 1241 1600 haec
1265 1536 1392 1601 demum
1414 1539 1584 1602 cruciata
1654 1538 1690 1601 ld

395 1641 555 1706 excultrix
578 1642 641 1704 viae
664 1641 776 1705 salutis
1074 1646 1124 1703 est
1147 1640 1268 1711 ardore
1291 1650 1500 1715 concremata

436 1764 523 1809 vana
545 1746 669 1827 sprevit
692 1743 797 1826 idola,
833 1806 838 1815 ,
1114 1742 1301 1825 lampadum
1322 1742 1514 1809 ardentium.

395 1864 466 1911 cum
488 1846 637 1929 praelecti
658 1838 736 1909 vota
758 1848 896 1929 spernit,

396 1965 471 2013 mox
495 1948 612 2013 adesse
637 1968 749 2032 poenas
773 1952 876 2015 cernit

436 2052 510 2118 haec
533 2052 636 2118 dulcis
659 2052 854 2133 christicola.

1070 1902 1174 1985 Virgo
1197 1905 1296 1969 vitam
1320 1907 1429 1970 ferens
1452 1906 1604 1972 mundam

976 2054 1017 2118 30
1070 2026 1199 2092 poenam
1220 2009 1309 2073 vasis
1333 2010 1459 2092 perfert
1481 2010 1617 2093 undam,

1113 2113 1231 2177 collum
1253 2112 1387 2178 tradens
1404 2114 1536 2198 jugulo.
1653 2113 1689 2176 45

395 2214 556 2281 Constans
573 2214 645 2280 'fide
668 2222 870 2297 carceratur,
1071 2235 1153 2300 ergo
1174 2212 1290 2283 laudes
1317 2216 1542 2300 hymnizemus

397 2338 459 2386 uec
481 2340 501 2384 a
523 2318 653 2383 Christo
671 2326 845 2403 separatur
1072 2318 1221 2402 Christe,
1244 2340 1422 2404 perquem
1445 2339 1508 2387 nos
1531 2320 1671 2385 ridemus

436 2424 556 2487 tenella
579 2422 784 2506 virguncula,
1115 2423 1189 2488 haec
1210 2424 1305 2508 sigua
1327 2426 1360 2489 iu
1382 2427 1515 2510 populo.

478 2606 527 2662 lis.
546 2623 580 2661 nu
597 2605 737 2676 Freiburg
755 2604 808 2659 Nc.
828 2604 871 2658 66.
897 2603 946 2659 des
966 2606 1001 2657 15
1018 2603 1118 2659 Jahrb.
1142 2604 1208 2672 (A).
1244 2603 1411 2662 Sacrificale
1429 2608 1627 2685 itinerantium
1637 2621 1687 2660 ven

393 2696 470 2751 1521.
488 2692 538 2749 iol.
557 2696 593 2749 62
611 2695 676 2763 (Β),
694 2694 738 2747 als
756 2692 918 2763 Sequentia.

480 2816 626 2889 ssgaudia
649 2818 684 2870 Α.
735 2814 877 2885 'lpsallat
896 2814 1001 2867 chorus
1019 2812 1052 2867 B.
1102 2812 1200 2867 Shaec
1218 2814 1295 2869 steht
1312 2814 1384 2869 nach
1402 2815 1501 2887 pulcr.
1518 2792 1558 2885 Α,
1588 2813 1624 2869 ad
1639 2824 1689 2865 ver

391 2906 449 2977 pal.
467 2906 500 2960 h
547 2906 582 2958 10
599 2902 716 2975 plaudat
734 2904 764 2959 B.
810 2906 842 2956 11
861 2901 924 2956 veri
943 2899 1040 2971 sponsi
1055 2898 1117 2973 jam
1136 2900 1167 2956 B.
1188 2904 1237 2955 45
1254 2902 1349 2972 deum,
1368 2902 1415 2958 lis
1450 2906 1490 2960 22
1508 2900 1644 2961 claritatis
1660 2899 1688 2953 B.

391 2993 427 3049 26
445 2997 490 3048 est
508 2991 573 3048 cult
591 2991 623 3048 B.
658 2992 695 3046 3⁰
714 2988 758 3045 hic
776 2990 808 3046 Β.
844 2990 879 3044 tt
896 2984 1019 3060 prefert,
1038 2985 1095 3057 lis,
1114 2982 1173 3044 fert
1189 3004 1242 3059 per
1260 2988 1290 3044 B.

794 3275 904 3349 1046.
942 3275 1002 3346 ue
1026 3300 1053 3346 a
1079 3253 1295 3373 inungant..

373 3473 497 3568 -Virgc
520 3483 574 3548 dei
595 3483 786 3566 Margareta
867 3565 869 3568 Ι
1068 3497 1164 3562 quam
1187 3485 1222 3543 ut
1245 3478 1406 3542 transiens
1429 3480 1609 3563 praelectus

396 3588 460 3654 hac
481 3589 514 3651 in
537 3585 589 3650 die
612 3587 685 3652 coeli
708 3586 783 3650 laeta
1068 3583 1164 3666 vidit,
1187 3594 1274 3649 amat
1295 3583 1479 3649 et-illectu's

436 3691 563 3758 scandit
585 3690 628 3755 ad
649 3690 786 3774 palatia,
1014 3694 1019 3702 '
1113 3691 1202 3774 cupit
1223 3707 1378 3774 sponsam
1401 3689 1534 3754 ducere.

393 3816 436 3861 ex
458 3795 521 3860 hoc
543 3795 661 3859 mundo
685 3814 780 3877 quam
803 3791 934 3859 vocavit
1630 3806 1632 3809 ·

394 3899 481 3964 etin
505 3899 589 3963 coelo
613 3899 785 3964 collocavit
997 3897 1017 3956 5

435 4002 491 4085 pia
511 3998 631 4065 Christi
653 4001 769 4083 gratia.
896 4059 901 4068 .

1070 3853 1170 3938 Cujus
1188 3855 1285 3938 jussu
1308 3855 1546 3939 comprehensa

1069 3961 1130 4024 ned
1151 3979 1212 4042 per
1233 3959 1335 4023 minas
1357 3977 1420 4024 nec
1441 3959 1587 4024 inmensa
1648 3952 1685 4014 2⁰

1112 4080 1173 4145 per
1194 4063 1354 4146 promissa
1376 4062 1537 4143 flectitur,

391 4161 473 4232 Haec
494 4165 614 4230 virtute
633 4164 685 4228 dei
709 4164 805 4247 plena
1020 4201 1026 4213 ·
1069 4183 1106 4228 se
1128 4165 1247 4245 latetur
1270 4165 1494 4247 christianam,

392 4269 453 4335 luit
474 4287 516 4334 ex
538 4266 745 4333 Antiochena
1071 4268 1150 4332 deos
1173 4269 1315 4352 spernit,
1338 4267 1434 4332 fidem
1459 4287 1571 4333 sanam

438 4371 570 4436 civitate
594 4357 720 4453 genita,
1114 4368 1233 4435 Christi
1257 4371 1332 4437 duni
1355 4372 1568 4456 amplectitur.

393 4478 499 4544 carnis
522 4495 583 4560 per
604 4474 803 4538 nobilitatem

318 4579 329 4598 “
394 4579 540 4661 fulgens,
563 4583 657 4640 extra
680 4574 842 4639 civitatem

438 4683 479 4747 ad
503 4679 652 4744 alendum
678 4678 802 4742 tradita.
862 4669 866 4676 ’

1069 4537 1163 4604 lianc
1184 4539 1302 4620 iratus,
1323 4539 1398 4621 plus
1418 4558 1514 4620 quam
1528 4533 1617 4603 credi
1645 4528 1681 4591 25

1068 4639 1186 4724 possit,
1210 4657 1335 4723 praeses
1354 4639 1451 4723 jubet
1474 4639 1572 4719 caedi,

1111 4743 1170 4807 sed
1193 4745 1367 4808 iuvenum
1389 4744 1538 4828 caeditur,

394 4845 463 4912 Sed
485 4847 601 4911 nutrici
625 4846 847 4912 commendata
872 4909 878 4920 ,
1069 4867 1144 4910 nam
1165 4846 1243 4911 licet
1263 4849 1485 4915 incarceratur

394 4950 489 5034 virgo
512 4968 576 5017 uon
599 4958 648 5015 est
671 4950 846 5034 dedignata
1069 4951 1263 5033 ungulisque
1285 4952 1471 5031 laceratur,

438 5054 509 5137 ejus
533 5073 613 5121 oves
635 5075 789 5141 pascere,
977 5053 1016 5114 15
1113 5071 1177 5118 non
1200 5062 1308 5118 tamen
1331 5054 1520 5122 devincitur.
1645 5043 1681 5107 3⁰
