3892 6025
589 1038 676 1111 720.
714 1038 772 1109 De
799 1062 826 1109 s.
850 1032 1019 1107 Metthaeo
1044 1045 1079 1107 et
1105 1037 1229 1108 ceteris
1257 1036 1491 1135 evangelistis.

389 1240 511 1309 Plausu
534 1238 653 1307 chorus
676 1239 862 1305 laetsbundo
1070 1239 1164 1322 cujus
1186 1258 1291 1322 genus
1313 1241 1362 1305 sic
1383 1241 1538 1321 contexit,

391 1343 454 1408 hos
477 1343 618 1426 attollet,
640 1364 702 1427 per
725 1362 805 1425 quos
828 1342 946 1406 mundo
1070 1341 1158 1424 quod
1179 1362 1199 1406 a
1222 1344 1324 1427 stirpe
1346 1342 1451 1408 David
1474 1346 1543 1408 exit

438 1450 556 1509 sonant
577 1445 766 1527 evaugelie3
1112 1465 1174 1529 per
1196 1448 1304 1510 cernis
1326 1447 1504 1511 materiam.

393 1564 478 1612 voce
500 1566 634 1630 qnorum
651 1549 744 1612 *salus
767 1548 875 1632 fluxit,
1577 1595 1582 1605 .

326 1690 330 1698 -
391 1667 458 1714 nox
480 1650 617 1715 recessit
640 1658 674 1715 et
695 1650 800 1714 illuxit
996 1653 1015 1712 5
1068 1629 1180 1696 ffi⁰²¹¹⁸
1202 1633 1297 1696 b⁰Vi⁸
1318 1631 1419 1699 L¹¹⁰ae
1442 1633 1555 1717 ‘lamis

392 1797 394 1803 r
432 1752 484 1817 sol
505 1753 671 1819 illustrans
694 1755 809 1818 omnia,
1067 1735 1101 1798 5¹¹
1124 1735 1311 1816 quaterna
1333 1735 1493 1819 figuratus

1110 1855 1198 1901 nova
1221 1837 1369 1905 Christus
1391 1841 1514 1923 hostia,

388 1936 508 2007 (iuram
531 1962 633 2025 egens
657 1944 707 2008 sui
728 1946 840 2028 gregis
1068 1938 1127 2005 ard
1150 1944 1256 2008 crucis
1277 1953 1464 2010 mensuetus

387 2051 504 2129 pastor
524 2046 645 2128 bonus,
669 2054 781 2111 auctor
802 2046 902 2132 legis,
1067 2042 1122 2107 hic
1143 2052 1302 2110 mactatur
1325 2047 1373 2113 sic
1396 2055 1430 2111 et
1451 2054 1545 2112 vetus

431 2155 570 2230 quatuor
590 2149 741 2232 institnit,
1111 2146 1228 2210 transit
1249 2148 1467 2214 observantia.

388 2251 505 2335 quadri
527 2254 616 2319 orbis
639 2253 687 2339 ad¹
703 2253 862 2319 medelam
972 2259 1014 2321 10

386 2354 524 2421 formam
542 2357 628 2442 juris
650 2366 684 2422 et
707 2360 866 2423 cantelam
983 2412 989 2425 .
1066 2334 1253 2400 E⁸i10⁰¹¹5⁸
1275 2338 1432 2419 mgiesstft

428 2478 491 2544 per
514 2477 595 2542 quos
618 2462 716 2527 scribi
738 2462 848 2527 voluit.
1066 2439 1181 2505 M³¹⁰⁰
1203 2439 1327 2523 V¹¹¹t¹¹⁸s
1349 2444 1551 2525 1⁰⁸¹¹¹S²¹¹fi⁸

1109 2560 1174 2625 quo
1196 2543 1300 2608 claret
1320 2547 1482 2628 potentia,

315 2720 318 2727 ,
387 2644 480 2713 Citra
501 2648 611 2712 thema
633 2649 790 2731 generale
1065 2663 1148 2711 voce
1171 2648 1274 2729 patris
1297 2649 1457 2713 excitatus

384 2752 485 2817 habet
507 2752 642 2835 quisque
664 2752 807 2837 speciale
1063 2750 1169 2831 surgit
1192 2748 1341 2820 Christus
1363 2752 1530 2819 laureatus

408 2924 411 2933 ,
428 2854 505 2939 styli
527 2854 750 2938 privilegium,
969 2857 1010 2918 15
1106 2853 1278 2918 immortali
1299 2855 1415 2937 gioria.

385 2975 468 3042 quos
490 2956 641 3040 designat
662 2958 695 3022 in
716 2958 878 3043 propheta

384 3061 491 3126 forma
511 3061 617 3144 pictus
639 3064 700 3124 sub
723 3060 865 3126 discreta
1064 3043 1123 3110 ffiss
1146 3044 1313 3130 quadrigis
1335 3045 1526 3130 deportatur

387 3185 390 3192 ·
427 3165 537 3230 vultus
559 3165 750 3229 animalium,
980 3192 984 3197 -
1063 3147 1182 3211 mundo
1205 3146 1299 3229 deus,
1322 3149 1512 3212 sublimatur

1106 3249 1177 3311 istis
1202 3247 1302 3313 archa
1324 3250 1489 3332 vectibus,
1600 3279 1611 3298 ·

384 3353 517 3419 Pellene
538 3354 657 3417 nubem
679 3361 801 3418 nostrae
824 3355 918 3419 molis
1063 3349 1206 3436 paradisi
1230 3351 1303 3415 haec
1325 3350 1446 3415 fluenta

382 3462 525 3525 intuetur
542 3457 642 3540 jubar
665 3457 743 3521 solis
967 3459 1011 3523 20
1061 3471 1148 3517 nova
1171 3453 1287 3537 fluunt,
1312 3463 1515 3519 sacramenta

429 3563 598 3628 Johannes
620 3562 653 3626 in
676 3562 799 3644 aquila,
1106 3577 1179 3640 quae
1198 3557 1343 3620 irrorent
1364 3560 1523 3640 gentibus

383 3689 485 3752 supra
508 3668 609 3733 coelos
631 3666 707 3730 dum
730 3664 935 3748 conscendit,

383 3774 455 3837 sinu
477 3772 579 3855 patris
603 3767 848 3852 comprehendit
1054 3747 1135 3814 Non
1157 3757 1208 3813 est
1230 3748 1343 3813 (lomus
1366 3750 1489 3814 ruitura

426 3881 536 3937 natum
559 3877 635 3936 ante
659 3871 788 3936 saecula,
1061 3851 1125 3916 hac
1147 3853 1285 3916 subnixa
1307 3851 1525 3935 quadratura,

1103 3959 1178 4023 haec
1199 3967 1250 4022 est
1272 3958 1385 4022 domus
1409 3957 1547 4022 domini:

383 4059 428 4126 Os
450 4058 621 4123 humanum
644 4066 695 4124 est
715 4058 876 4140 Matthaei,
964 4060 1008 4122 25
1060 4064 1220 4146 glorietur
1240 4064 1274 4127 in
1296 4063 1358 4127 hec
1380 4062 1492 4145 domo,

382 4165 416 4228 in
438 4163 577 4226 humens
599 4163 703 4226 formu
725 4161 779 4225 dei
1061 4185 1123 4249 qua
1145 4168 1260 4232 boetus
1282 4167 1363 4230 vivit
1381 4166 1477 4229 homo

426 4264 577 4330 dictantis
599 4267 800 4350 prosapiam,
1103 4267 1167 4332 deo
1185 4268 1319 4352 junctus
1341 4267 1471 4333 homini

470 4449 664 4506 Reichenauer
681 4450 860 4521 Antiphoner
879 4468 913 4506 nu
937 4451 1096 4506 Karlsruhe
1124 4451 1178 4507 No.
1195 4453 1257 4508 209.
1284 4452 1326 4507 BL
1344 4454 1386 4507 32.
1412 4453 1463 4506 mit
1486 4451 1538 4505 der
1557 4449 1690 4519 Melodie,

381 4541 416 4594 11
434 4539 546 4609 dabre,
574 4537 619 4593 die
647 4537 859 4609 Halbstrophen
883 4557 918 4593 nu
946 4539 1190 4595 Wechselchdren
1213 4540 1401 4612 cingerichtet
1428 4540 1504 4608 (K),
1543 4539 1616 4593 euch
1643 4537 1691 4592 bei

380 4627 477 4682 Daniel
495 4629 521 4696 2,
539 4627 581 4682 88.
602 4626 658 4694 (1))
687 4627 742 4681 und
760 4627 806 4682 Hs
825 4645 860 4682 zu
878 4627 1023 4699 Stuttgart
1050 4627 1121 4681 Bibl.
1137 4631 1184 4681 20.
1213 4624 1291 4681 [78.
1317 4631 1350 4683 14
1368 4627 1466 4684 Jahrb.
1492 4625 1554 4698 (S).
1589 4625 1638 4680 Hs.
1653 4641 1691 4678 zu

379 4714 504 4773 Adurunt
519 4714 573 4770 No.
591 4718 654 4769 151.
672 4715 721 4770 des
741 4717 775 4771 11
792 4716 892 4772 Jahrb.
907 4716 958 4771 mit
976 4715 1026 4771 der
1044 4715 1165 4774 Melodie
1185 4718 1201 4784 (
1226 4719 1251 4786 ).

467 4855 484 4908 5
511 4855 659 4926 precessit
684 4856 763 4912 Ans.
818 4858 852 4912 1³
881 4856 959 4912 circa
984 4858 1078 4913 habeo
1108 4856 1173 4912 ulle.
1228 4858 1262 4909 15
1289 4856 1345 4910 sibi
1370 4855 1430 4910 DA.
1484 4857 1520 4910 23
1544 4853 1635 4908 sinum
1657 4852 1690 4908 S.

377 4942 413 4995 31
441 4941 533 4997 victus
560 4943 602 5016 K,
633 4941 704 5000 ritus
730 4943 760 5002 S.
802 4945 836 4998 35
860 4949 999 5002 mactatus
1017 4947 1051 5006 A.
1094 4946 1129 5000 tc
1148 4944 1299 5016 deputatur
1317 4943 1348 5002 S.
1390 4939 1688 4999 rohecestriam

377 5028 510 5102 rugitum
527 5031 561 5090 A.
