3892 6025
1497 630 1566 719 sla

259 832 370 888 Gauron
388 831 578 888 verwechuelt
594 833 699 889 warde.
744 831 793 887 llic
813 830 886 888 zahl
905 831 975 884 1010
991 831 1030 886 ist
1047 831 1098 886 dor
1116 830 1313 903 Mittelpuuht,
1344 832 1456 888 welche
1474 833 1564 890 durch

257 923 300 977 die
332 922 556 994 vargrdsseruda
584 923 660 994 Saga
682 921 729 976 bei
757 921 810 975 deu
837 916 1017 992 Juugl'rauen
1042 921 1087 975 bis
1111 937 1145 974 ιιι
1168 921 1266 988 11,ooo
1291 921 1440 978 erweitert
1456 924 1563 978 warde

257 1013 335 1066 Danu
360 1027 462 1084 posse
486 1011 573 1066 ruuda
592 1012 699 1066 zahleu
726 1009 790 1065 sind
812 1009 859 1064 hei
883 1010 936 1066 deu
954 1008 1116 1081 liittyrsrn
1135 1009 1301 1066 Ausdrhclrs
1327 1007 1374 1066 liar
1397 1010 1460 1066 eine
1477 1011 1564 1067 uuba-

256 1099 377 1155 stimmte
394 1099 503 1170 llenge.
528 1098 558 1154 S.
578 1098 651 1154 oben
671 1097 699 1154 S.
720 1099 780 1151 ili.

425 1406 533 1482 1179.
567 1405 740 1480 Undecim
767 1405 911 1478 millium
939 1406 1124 1505 virginum.
1161 1405 1206 1478 ad
1230 1431 1406 1507 vesperas.

255 1631 369 1714 Tange
393 1631 498 1713 lyram
520 1645 584 1694 non
608 1627 760 1709 deliram,
935 1625 1086 1710 colonia,
1108 1636 1240 1711 sancta,
1267 1629 1335 1711 dia,

254 1752 362 1817 purga
386 1737 524 1796 mentem
548 1731 770 1796 concinentem
935 1727 1008 1796 haec
1031 1731 1172 1815 pignora
1195 1734 1359 1799 sanctiora
1515 1736 1559 1799 20

300 1836 460 1918 virgiuum
482 1833 666 1918 preconia,
979 1832 1104 1915 colligit
1126 1842 1160 1898 et
1181 1835 1333 1919 suscipit,

256 1947 368 2005 auster
389 1939 465 2001 veni
487 1935 566 2000 flatu
588 1935 673 2016 leui,
934 1943 1130 2016 veneratur,
1152 1938 1353 2020 gratulatur,

256 2037 366 2104 cordis
389 2057 484 2102 venae
507 2037 609 2102 fluant
631 2035 739 2120 plenae
862 2037 881 2096 5
935 2039 1023 2120 quod
1045 2039 1167 2106 ditatur
1189 2050 1224 2106 et
1246 2041 1378 2109 dotatur

300 2161 361 2226 per
383 2147 498 2205 sancta
516 2140 665 2223 suspiria.
978 2142 1046 2224 his,
1069 2161 1151 2226 quas
1174 2145 1290 2210 coelum
1312 2147 1438 2230 recipit

257 2332 486 2398 Britannorum
510 2331 712 2414 antiquorum
934 2333 1016 2400 lesu
1038 2335 1139 2417 bone,
1162 2334 1239 2400 audi
1256 2353 1362 2419 prone

257 2441 333 2507 haec
355 2438 477 2505 Ursulo
499 2439 667 2504 aninsula
731 2423 734 2430 ⁴
935 2454 1050 2518 voces,
1073 2446 1198 2501 mentes
1220 2446 1253 2502 te
1277 2448 1432 2504 canentes
1553 2453 1559 2464 '

301 2544 456 2609 terminos
480 2540 661 2625 egreditur,
744 2531 748 2538 ’
979 2559 1051 2606 cum
1072 2541 1194 2606 sanctis
1216 2543 1431 2625 martyribus,

256 2669 330 2715 oum
352 2667 416 2730 qua
438 2655 529 2710 tauta
551 2643 671 2710 cohors
693 2651 807 2709 sancta
843 2646 883 2710 10
934 2663 1057 2728 purga,
1079 2643 1197 2708 munda
1221 2652 1254 2708 et
1276 2644 1434 2726 fecunda,

255 2763 293 2819 ut
315 2753 472 2834 collecta,
495 2752 542 2816 sic
565 2751 671 2815 electa
935 2757 971 2814 ut
993 2747 1158 2813 confortes
1181 2755 1215 2812 et
1236 2757 1405 2814 consortes

302 2855 344 2920 ad
367 2854 508 2939 palmam
531 2851 689 2934 dirigitur.
979 2850 1083 2916 facias
1106 2851 1299 2917 celestibus.

255 3048 342 3113 Hinc
364 3066 426 3131 per
447 3044 595 3109 Rhenum
618 3044 701 3108 velis
723 3044 853 3127 plenum
935 3041 1187 3126 lalandenus,
1211 3043 1429 3127 predicamus

255 3148 475 3232 Agrippinam
495 3166 557 3230 per
576 3145 718 3211 divinam
936 3164 1007 3211 cum
1031 3145 1145 3210 electis
1167 3153 1200 3209 et
1223 3145 1368 3231 dilectis,

301 3252 501 3317 voluntatem
524 3246 659 3331 adeunt,
842 3250 882 3310 15
979 3248 1153 3315 benedicta
1176 3250 1322 3332 trinitas,

255 3363 415 3439 spernunt
436 3362 586 3435 mortem,
609 3353 742 3417 vincunt
756 3351 883 3433 sortem,
935 3371 1050 3429 serva,
1072 3372 1154 3436 rege
1177 3362 1233 3418 tua
1255 3354 1331 3437 lege
1343 3402 1353 3436 ,

255 3466 415 3547 spernunt
430 3457 594 3539 mundum,
613 3474 672 3520 vas
690 3454 882 3537 inmundum,
936 3473 1018 3538 quos
1041 3440 1162 3521 creasti
1183 3463 1217 3521 et
1239 3458 1374 3522 salvasti
1404 3456 1409 3463 ’
1518 3460 1560 3523 35

300 3571 338 3629 ut
358 3570 511 3646 regnent,
533 3562 704 3625 intereunt.
978 3558 1124 3641 gloriosa
1150 3560 1265 3625 unitas.

346 3727 656 3805 associatorum,
675 3728 709 3781 13
719 3726 825 3781 dahrh.
845 3726 912 3797 (Α).
946 3726 995 3781 lis.
1013 3743 1049 3781 ιιι
1066 3726 1095 3782 8.
1114 3726 1213 3784 Galleu
1237 3728 1289 3785 No.
1308 3728 1368 3784 ⁵26.
1393 3726 1412 3784 1.
1431 3731 1490 3784 175.
1508 3731 1560 3787 des

256 3820 293 3872 14
310 3816 411 3873 Jahrh.
432 3816 496 3885 (Β).
532 3815 581 3871 lls.
598 3831 633 3869 uu
651 3814 680 3869 S.
699 3812 771 3868 Paul
788 3813 817 3867 in
836 3813 963 3868 Kdrnteu
986 3813 1040 3869 No.
1060 3815 1102 3869 13.
1126 3812 1225 3869 1103.
1247 3814 1296 3869 dos
1321 3818 1355 3869 15
1372 3816 1472 3873 Jahrlu
1497 3820 1560 3889 (0).

255 3904 341 3961 Diese
359 3908 455 3959 neunt
472 3902 523 3958 das
541 3901 609 3958 Lied
626 3918 683 3959 von
700 3902 734 3955 V.
754 3902 788 3956 19
806 3917 842 3957 au
859 3900 888 3955 in
906 3903 923 3955 2
943 3900 1048 3957 Theile.

348 4028 529 4082 trecreator
547 4030 576 4080 et
593 4030 734 4098 purgator
753 4023 807 4080 Bo.
849 4022 1073 4080 assumentem
1091 4024 1121 4081 0.
1167 4026 1199 4077 11
1220 4026 1258 4081 sit
1276 4025 1305 4082 0.
1341 4028 1375 4081 13
1394 4042 1494 4085 venum
1513 4026 1561 4084 for

256 4115 327 4170 Ren.
345 4114 376 4171 0.
413 4116 447 4169 tt
466 4129 518 4186 per
536 4109 608 4169 sehlt
626 4112 655 4169 0.
691 4112 726 4166 16
744 4126 819 4183 sper.
837 4106 909 4168 teuit
926 4112 957 4167 o.
1002 4112 1037 4167 18
1055 4112 1084 4166 iu
1102 4117 1237 4168 etenum
1254 4110 1275 4169 1.
1294 4115 1374 4169 inter.
1394 4116 1424 4173 0.
1466 4118 1501 4171 23
1520 4116 1562 4172 di·

257 4207 339 4259 catur
357 4202 387 4259 0.
422 4202 458 4256 30
475 4200 503 4255 in
523 4200 586 4256 coel.
604 4199 657 4256 BG.
693 4202 729 4255 32
746 4198 792 4253 dil.
811 4203 841 4254 et
858 4199 894 4255 el.
908 4200 964 4257 BG.

348 4360 379 4415 lu
397 4358 505 4415 heincm
525 4358 575 4413 der
593 4357 777 4414 lateinisches
788 4358 895 4414 Lieder
913 4373 970 4413 von
989 4357 1085 4413 diesen
1101 4354 1292 4430 lungiraueu,
1311 4356 1356 4411 die
1374 4358 1437 4414 hier
1454 4362 1562 4433 steheu,

256 4448 332 4505 wird
360 4444 414 4503 auf
434 4448 485 4502 das
503 4442 596 4502 Schiff
616 4446 666 4501 der
683 4446 788 4502 Ursule
805 4444 905 4517 irgend
923 4444 967 4499 ein
987 4444 1114 4502 Gewicht
1130 4446 1244 4518 gelegt‚
1272 4445 1354 4519 jain
1373 4444 1426 4501 deu
1443 4448 1562 4505 mantea

257 4535 389 4593 dasselhc
407 4535 485 4590 nieht
503 4534 605 4589 eiumal
622 4538 766 4605 genanut,
789 4547 903 4588 woraus
922 4530 1013 4604 folgt,
1045 4532 1111 4589 dass
1139 4537 1172 4604 1)
1190 4534 1266 4589 disse
1283 4533 1385 4589 liedes
1404 4535 1563 4591 simmtlieh

257 4624 333 4680 altar
356 4622 418 4677 siud
445 4622 489 4677 als
514 4621 558 4676 dic
576 4620 763 4693 liiurichtuug
786 4620 836 4675 der
856 4618 1060 4677 Bruderschalt
1082 4636 1117 4675 zu
1134 4620 1307 4694 Strushurg
1324 4638 1371 4677 ura
1389 4624 1473 4694 tcto,
1505 4624 1563 4680 uurl

257 4712 292 4781 2)
320 4710 386 4764 dass
404 4709 433 4765 iu
451 4710 501 4766 der
518 4709 648 4781 Legenda
671 4709 736 4763 heiu
754 4707 849 4765 Gruud
867 4708 931 4780 lag,
963 4707 1056 4765 diosas
1073 4708 1203 4765 Sinuhild
1228 4706 1276 4764 tur
1293 4708 1339 4765 die
1357 4708 1563 4775 Brnderschat't

258 4814 294 4851 nu
311 4797 432 4852 wiihleu.
468 4798 536 4854 Item
554 4794 647 4853 Schiff
662 4796 712 4851 dar
729 4795 834 4851 Kirche
852 4797 928 4853 steht
946 4796 991 4851 die
1009 4796 1093 4853 Welt
1115 4796 1160 4851 als
1178 4798 1224 4853 eiu
1241 4795 1439 4866 Narseuschill
1453 4815 1562 4871 gegen·

258 4885 343 4955 iiber,
374 4884 468 4941 ιιοιίιι
488 4884 572 4958 jeder
590 4884 713 4955 Kapitlin
739 4883 794 4938 und
812 4883 997 4939 Steuermauu
1019 4900 1090 4956 seyu
1114 4884 1188 4954 will,
1220 4898 1282 4941 was
1302 4885 1353 4941 der
1370 4885 1492 4941 leitsade
1509 4885 1562 4943 Ge-

259 4972 351 5027 dauhe
377 4972 406 5027 in
423 4972 478 5027 Sel.
495 4972 601 5027 Brunt's
625 4972 812 5043 satyrisehem
840 4970 975 5028 Gedichte
1000 4970 1052 5041 ist,
1084 4972 1209 5042 welches
1229 4972 1307 5029 nicht
1323 4973 1394 5047 lang
1419 4974 1492 5029 uach
1510 4973 1561 5029 der

259 5057 590 5118 Ursule-Broderschalt
608 5060 681 5114 auch
698 5060 727 5114 iu
745 5059 917 5132 Strassburg
934 5060 1065 5132 gemacht
1081 5059 1189 5117 warde.

292 5182 299 5199 ⁸
320 5180 408 5231 otone,
425 5179 510 5229 totuin
527 5180 650 5238 llymnen.
675 5179 720 5226 111.
1312 5155 1355 5218 34
