3892 6025
346 596 381 639 lv

432 758 644 845 Multiplioem
667 774 740 825 esse
763 760 954 843 hymnorum
978 778 1070 825 usum
1093 769 1126 825 et
1147 761 1181 825 in
1202 781 1240 826 re
1255 762 1404 833 literaria
1421 776 1455 834 et
1471 770 1503 836 in
1517 772 1653 842 historia

347 881 570 949 ecclesiastiea
592 880 676 944 inter
699 897 810 943 omnes
830 886 965 946 oonstat.
998 877 1112 946 Sancti
1126 882 1219 965 enim,
1243 885 1358 967 quibus
1373 888 1486 973 plures
1502 895 1652 961 ecelesiae

346 1006 464 1073 dicatae
486 1012 576 1087 sunt,
607 1002 707 1069 variis
730 1004 827 1069 etiam
847 1003 977 1087 hymnis
1000 1004 1206 1088 oolebantur,
1240 1025 1313 1100 oum
1336 1012 1491 1094 quelibet
1513 1016 1654 1083 ecelesia

346 1144 437 1190 snum
466 1130 638 1209 patronum
664 1122 823 1205 singulari
850 1124 992 1189 carmine
1020 1124 1215 1207 honoraret,
1255 1126 1284 1191 si
1307 1129 1397 1195 aliud
1418 1150 1484 1196 non
1506 1134 1652 1203 haberet.

344 1246 424 1313 Inde
442 1246 596 1329 sequitur,
620 1243 779 1330 ejusmodi
801 1244 941 1327 hymnos
964 1264 1038 1311 oum
1060 1223 1239 1329 specimina
1261 1250 1343 1314 artis
1364 1254 1504 1335 poitioae
1525 1256 1653 1322 illorum

344 1374 491 1439 looorum
521 1390 596 1437 esse
625 1378 692 1435 tum
714 1368 755 1436 ad
778 1370 945 1435 historiam
967 1372 1225 1450 eoelesiastioam
1246 1392 1359 1441 eorum
1388 1378 1512 1460 aliquid
1532 1380 1652 1445 faeere.

345 1492 430 1561 Sunt
452 1499 487 1558 et
508 1492 590 1575 alia,
627 1508 702 1574 quae
724 1490 757 1555 in
779 1510 899 1573 magna
921 1492 1017 1576 copia
1039 1492 1234 1575 hymnorum
1260 1496 1357 1562 unius
1380 1499 1484 1563 saneti
1507 1500 1652 1565 animad-

345 1624 476 1683 vertere
497 1613 614 1701 possis.
644 1610 755 1679 Medio
778 1628 852 1677 aevo
875 1613 991 1699 poesin
1013 1631 1140 1679 suoram
1160 1614 1262 1681 variis
1278 1615 1383 1681 modis
1397 1620 1559 1685 excultam
1579 1640 1654 1685 esse

346 1752 442 1801 nemo
465 1754 530 1801 non
552 1714 718 1818 intelligit,
760 1734 868 1817 itaque
889 1753 931 1799 ne
953 1733 1122 1817 miremur,
1158 1735 1214 1802 ubi
1237 1735 1376 1803 eandem
1398 1723 1653 1805 vicissitudinem

344 1855 490 1921 videmus
516 1856 550 1920 in
578 1854 706 1939 hymnis
736 1854 780 1918 ad
807 1861 954 1935 sanotos,
988 1855 1042 1937 qni
1064 1855 1167 1938 longe
1188 1856 1321 1941 lateque
1344 1858 1550 1942 colebantur3
1587 1880 1652 1944 qua

346 1977 387 2042 do
410 1996 447 2041 re
470 1996 543 2043 oum
572 1976 605 2041 io
628 1972 889 2043 adnotationibus
918 1972 995 2039 hino
1021 1974 1098 2040 inde
1125 1978 1320 2061 monuerim,
1352 1977 1448 2062 plura
1465 1978 1575 2045 dieera
1598 1980 1653 2047 hie

224 2108 225 2113 ’
345 2096 587 2181 supersedeam.
633 2110 636 2119 “

431 2216 469 2283 Si
500 2217 572 2303 quis
601 2214 696 2284 oodd.
728 2231 802 2281 mss.
836 2214 1056 2285 commodiora
1085 2233 1146 2281 nso
1172 2202 1419 2300 pererratam,
1457 2238 1552 2302 quam
1574 2218 1653 2283 mihi

344 2340 452 2422 linuit,
486 2336 644 2422 plurimos
672 2337 811 2420 hymnos
841 2334 985 2400 inveniet
992 2382 1002 2418 ,
1039 2336 1094 2418 qui
1120 2336 1153 2400 in
1183 2336 1248 2403 hoe
1275 2353 1377 2423 opere
1409 2337 1636 2404 desiderantur
1643 2360 1654 2421 ;

345 2458 495 2544 squidem
525 2476 656 2542 omnes,
693 2476 778 2541 quos
814 2452 1031 2542 deprehendi,
1070 2460 1114 2523 oh
1144 2457 1262 2524 molem
1293 2460 1403 2545 operis
1433 2459 1533 2526 edere
1560 2460 1653 2525 haud

318 2640 320 2645 .
343 2582 444 2669 potui
488 2578 586 2649 Faxit
608 2580 707 2665 dens,
738 2586 774 2657 ut
796 2578 966 2646 thesaurus
988 2580 1198 2666 hymnorum,
1236 2582 1292 2666 qni
1312 2602 1333 2648 a
1354 2582 1533 2667 majorrhus
1555 2582 1653 2647 nobis

346 2702 488 2781 eraditus
521 2701 629 2771 adhue
660 2702 693 2766 in
723 2720 798 2766 mss.
832 2676 1012 2785 delitescit}
1048 2702 1082 2767 in
1114 2673 1222 2769 luoem
1251 2702 1439 2790 proferatur
1471 2679 1569 2787 atqua
1602 2703 1655 2767 rei

346 2824 531 2919 christianae
552 2824 674 2911 optime
698 2823 863 2899 inserviat.

433 3013 625 3085 Soribebam
647 2958 838 3083 Oarlsruhm
861 3015 914 3082 die
939 3010 981 3081 18
1001 3015 1109 3099 April.
1132 3016 1229 3080 1855.

1142 3510 1147 3523 q
1275 3395 1337 3471 m.
1361 3397 1402 3471 J,
1427 3396 1548 3471 Mene.
