3892 6025
486 873 572 938 lucc
593 871 752 938 instructa
773 869 975 935 documentis
997 868 1074 934 tidei
1098 869 1268 936 catholicae

499 975 675 1043 custodivit
696 975 768 1040 vias
792 973 890 1038 duras
912 967 997 1056 legis
1016 971 1226 1056 evangelicae.
1300 983 1304 990 ·

497 1166 571 1230 Non
594 1173 645 1230 est
668 1164 740 1248 ejus
766 1182 822 1229 cor
845 1165 965 1231 elatum
987 1163 1086 1229 titulis
1109 1165 1279 1244 natalium,

497 1289 560 1334 nec
582 1270 705 1334 attrivit
728 1269 830 1333 decor
852 1267 965 1333 formae
989 1269 1146 1333 castitatis
1168 1269 1284 1348 lilium,

499 1373 620 1456 quippe
641 1371 734 1436 vultu
755 1368 921 1454 speciosa,
945 1389 1084 1454 corpora
1101 1371 1296 1454 juvencula,

498 1483 605 1540 mente
620 1475 767 1559 sprevit,
781 1483 875 1574 ¹actu.
887 1474 970 1555 fugit
992 1476 1174 1558 nuptiarum
1196 1475 1335 1540 vincula.

499 1662 617 1727 Vultus
640 1662 712 1743 ejus
735 1669 769 1726 et
790 1661 936 1725 incessus
955 1646 1154 1726 nunciabant
1175 1661 1312 1742 doloris,

498 1767 571 1848 quis
595 1767 732 1831 allectus
755 1765 942 1850 possideret
963 1765 1111 1840 cilicinas
1133 1768 1293 1849 pectoris,

499 1872 602 1936 sicin
625 1891 665 1936 ea
688 1880 882 1935 coruscante
904 1873 991 1934 bono
1014 1870 1190 1954 pudicitiae,

499 1973 688 2040 arridebant
709 1975 741 2037 ei
763 1974 856 2038 simul
881 1982 914 2037 et
935 1975 1072 2039 virtutes
1095 1973 1178 2038 aliae.

498 2169 550 2232 Ex
572 2171 707 2235 rubente
731 2185 807 2232 rosa
829 2167 924 2231 simul
946 2175 980 2232 et
1003 2167 1161 2232 candente
1183 2168 1250 2233 lilio

497 2272 593 2354 virgo
616 2267 717 2335 Fides
739 2275 896 2334 coronata
918 2271 999 2333 vivit
1022 2283 1062 2334 cr
1085 2272 1255 2353 martyrio;

498 2377 583 2439 iuter
606 2374 726 2440 choros
749 2372 943 2455 augelorum
965 2373 1128 2455 geminato
1150 2373 1284 2456 praemio

499 2477 594 2559 virgo
617 2475 717 2572 Fides
740 2483 801 2540 etc.
914 2505 918 2514 ·

498 2683 603 2767 Virgo
625 2685 727 2767 stirpe
750 2700 966 2767 supergressa
988 2683 1110 2767 primos
1128 2679 1349 2766 Agenensinm

444 2773 448 2782 ’
498 2788 670 2851 sanctitate
693 2787 867 2852 cumulavit
886 2785 1024 2869 gloriam
1046 2785 1213 2867 natalium,

496 2897 595 2974 pacta
618 2908 727 2955 secum
750 2888 913 2954 custodire
936 2889 1068 2953 semitas
1091 2887 1233 2954 fidelium

498 2993 669 3060 sanctitate
692 2993 807 3059 cumul.
830 3001 892 3059 etc.
1127 2975 1129 2986 ¹

498 3198 558 3263 llis
581 3200 707 3264 enitens
730 3199 773 3264 ad
798 3219 981 3283 supremum
1005 3200 1129 3265 culmen
1154 3200 1373 3277 sanctimoniae

498 3301 721 3367 holocaustum
744 3302 821 3373 lecit
845 3302 1041 3369 decretum
1064 3304 1283 3385 continentiae,

497 3412 571 3467 rata
594 3404 731 3487 cumen,
754 3403 922 3470 attrectari
943 3404 1056 3469 florem
1078 3404 1256 3489 pudicitie,

498 3504 723 3572 holocaustum
744 3508 805 3572 lec.
829 3515 890 3572 etc.
1022 3552 1024 3559 ι

497 3711 660 3777 liacianns
682 3715 903 3796 introgressus
926 3696 1039 3779 urbem
1061 3711 1282 3797 Agauensium

499 3814 620 3880 Ohristi
641 3834 758 3882 servos
780 3826 814 3880 et
836 3816 972 3881 ancilias
990 3805 1094 3881 'trahit
1116 3816 1158 3881 ad
1181 3818 1385 3901 supplicium,

498 3920 666 3983 immolare
688 3922 932 3985 contemnentes
955 3918 1028 4003 ejus
1048 3918 1090 3984 ati
1111 3920 1295 4002 imperium,

498 4022 619 4088 Christi
642 4042 757 4089 servos
779 4034 840 4089 etc.
1279 4036 1282 4042 “
1377 4034 1381 4043 ’

497 4231 616 4296 Pectus
639 4216 730 4296 Fidis
752 4232 865 4295 hortus
889 4216 1011 4296 Cirristl
1033 4214 1149 4295 uernat
1170 4250 1292 4297 morum
1316 4232 1464 4313 floribus,

499 4336 596 4402 etad
619 4336 729 4401 ilatum
749 4328 832 4401 lenis
855 4338 965 4415 austri³
979 4336 1049 4402 fluit
1071 4339 1281 4420 aromatibus,

497 4442 562 4507 hoc
583 4443 615 4504 in
637 4441 723 4505 votis
746 4440 818 4523 ejus
841 4449 927 4521 erat,
951 4434 1068 4505 hocin
1093 4441 1274 4524 desiderio,

498 4552 534 4609 ut
555 4562 732 4627 perennem
754 4553 961 4629 compararet
984 4544 1121 4633 gloriam
1145 4546 1310 4631 martyrio.

499 4748 704 4817 Aestimabat
727 4752 813 4817 enim
835 4752 965 4819 christo
987 4764 1116 4836 gratam
1139 4774 1253 4839 parum
1276 4754 1447 4837 virginem,

498 4855 559 4918 nisi
583 4857 677 4939 virgo
700 4868 837 4942 propter
857 4857 1019 4924 Christum
1043 4860 1264 4944 funderetque·
1280 4861 1478 4943 sauguinem.

498 4958 588 5023 audit
610 4959 690 5025 deus
712 4970 746 5027 et
768 4962 903 5030 exaudit
924 4969 1003 5029 vota
1025 4974 1148 5031 sauctae
1171 4965 1313 5047 leminae,

498 5061 733 5131 clarificaturus
754 5086 826 5133 eam
846 5056 997 5152 proxim
1020 5068 1203 5135 certamine.
1288 5158 1295 5167 Ι
