3892 6025
275 869 401 937 Umbra
424 874 520 933 sanat
543 866 596 931 hio
618 867 826 950 languentes,
868 868 910 929 tt
964 866 1053 933 Nero
1076 869 1196 934 frendit
1217 871 1421 957 furibundos,

277 981 373 1039 sanat
396 974 549 1051 membra,
572 976 666 1034 sanat
689 978 830 1052 mentes,
1008 970 1096 1036 Nero
1120 973 1247 1056 plangit
1269 974 1416 1059 impium,

277 1079 410 1142 morbos
433 1076 541 1140 reddit
563 1075 755 1158 impotentes
963 1072 1072 1155 Nero,
1096 1076 1189 1160 enjus
1213 1096 1303 1159 aegre
1326 1079 1462 1145 mundns

319 1180 439 1246 medici
460 1176 614 1265 potentis.
1007 1176 1135 1242 ferebat
1156 1178 1332 1263 imperinm.

279 1375 410 1440 Petrum
432 1371 543 1437 Simon
566 1390 680 1455 magus
703 1370 786 1454 odit,
962 1364 1054 1449 Ergo
1077 1365 1176 1431 Petro
1198 1385 1280 1433 orux
1302 1375 1437 1451 paratur
1550 1373 1592 1435 tt

281 1496 409 1561 magum
432 1475 544 1541 Simon
565 1475 682 1540 Petrus
704 1475 828 1560 prodit,
867 1476 907 1539 to
1006 1489 1027 1533 s
1048 1469 1201 1533 ministris
1223 1470 1398 1553 seelernm,

281 1581 396 1646 Petrus
417 1588 527 1643 monet
548 1586 592 1663 et,
604 1578 743 1644 custodit
962 1572 1111 1656 orneiiigi
1132 1592 1168 1637 se
1192 1582 1328 1638 testatur

322 1703 342 1747 n
364 1682 453 1765 magi
475 1680 630 1746 versutie.
1005 1676 1038 1738 in
1060 1674 1124 1742 hoo
1146 1674 1293 1742 Christus
1311 1679 1434 1744 iterum.

282 1872 337 1936 His
359 1891 379 1935 a
400 1880 497 1954 petre
515 1868 646 1934 Christo
668 1869 773 1935 dietus
961 1863 1061 1930 Petro
1083 1873 1159 1929 sunt
1180 1883 1261 1930 oves
1284 1865 1418 1932 oreditae

282 1976 312 2037 in
334 1971 485 2038 eondiotn
509 1979 573 2035 stet
594 1973 746 2055 invictus,
962 1968 1138 2052 clavesque
1161 1970 1256 2051 regni
1278 1967 1425 2051 tradite,
1549 1972 1591 2034 'to

282 2076 356 2140 lieet
374 2073 466 2158 jugis
489 2074 530 2137 sit
552 2074 719 2139 conflictus
866 2078 907 2139 55
1006 2070 1095 2135 Petri
1116 2072 1212 2155 praeit
1233 2072 1392 2137 sententia

324 2170 357 2225 et
379 2160 491 2244 gravi
515 2160 712 2243 congressio.
1005 2172 1113 2255 ligans
1136 2182 1169 2236 et
1189 2172 1322 2237 solvens
1345 2172 1460 2238 omnia.

283 2350 362 2415 Cum
384 2350 498 2415 solare
521 2370 633 2435 magus
656 2352 790 2434 querit,
962 2361 1107 2427 Pastoris
1128 2364 1233 2429 nostri
1254 2363 1377 2429 meritis

282 2462 368 2519 totus
389 2471 488 2517 ruens
511 2461 596 2517 totus
619 2454 717 2538 perit,
1005 2486 1046 2531 ae
1067 2486 1168 2549 prece
1190 2467 1357 2533 salutifera

281 2576 375 2639 quem
398 2555 507 2621 divina
530 2556 627 2639 digne
649 2558 725 2623 ierit
961 2586 1021 2633 nos
1043 2588 1064 2633 ο
1085 2572 1213 2653 peceati
1235 2570 1368 2652 debitis,
1550 2574 1591 2635 tt

323 2671 357 2726 et
379 2661 572 2727 condemnat
594 2662 682 2728 nitio.
866 2666 909 2728 60
1005 2676 1128 2733 aeterne
1150 2677 1283 2753 pastor,
1305 2670 1417 2734 libers.

366 2848 427 2901 Aut
450 2845 527 2899 einer
545 2845 592 2901 ΗΑ-
618 2846 667 2901 ¹10⁵
693 2849 727 2900 12
743 2847 842 2903 Jahrb·
869 2868 904 2905 zu
929 2856 1063 2924 colmar,
1090 2856 1135 2910 die
1158 2871 1224 2911 vom
1248 2854 1367 2909 Kloster
1392 2854 1528 2910 Marbaeh
1552 2854 1590 2908 im

281 2932 448 2989 oterelsass
467 2934 608 3001 herrtihrt,
626 2940 708 2989 untes
726 2935 833 2991 andern
846 2938 973 3009 Hymnen
992 2944 1049 2998 und
1064 2942 1235 3014 Sequennen
1273 2941 1357 2997 steht
1374 2941 1446 2996 auch
1465 2942 1494 2997 in
1512 2941 1591 2995 einer

281 3021 329 3076 Hs.
347 3021 396 3076 des
416 3024 450 3075 tt
463 3021 563 3077 Jahrb.
582 3039 617 3078 ru
635 3021 875 3080 Pommersielden
893 3027 939 3083 bei
953 3031 1104 3102 Bsmberg.
1138 3032 1205 3086 item
1223 3029 1425 3100 Strophenbnn
1443 3030 1515 3084 nath
1532 3018 1594 3084 von

282 3109 371 3164 einem
389 3107 599 3167 franzdsisehen
617 3109 777 3168 Vorfesser.

373 3237 406 3289 15
426 3235 490 3290 solo
509 3233 581 3291 fehlt
598 3236 626 3290 in
646 3236 697 3292 der
714 3239 761 3294 Hs.
809 3241 845 3294 28
859 3239 1051 3312 juvenesque,
1069 3241 1117 3296 iis.
1158 3242 1193 3296 36
1212 3257 1283 3296 nune
1302 3238 1350 3295 for
1368 3256 1447 3310 nam,
1465 3240 1513 3296 Hs
1540 3240 1588 3295 be·

281 3320 358 3377 nieht
381 3322 442 3376 sich
468 3317 523 3376 auf
541 3322 638 3379 Mettis.
667 3325 715 3394 16,
735 3326 775 3380 16.
824 3327 860 3380 39
884 3343 946 3398 neg.
965 3325 1038 3383 fehlt
1055 3327 1106 3383 der
1123 3328 1171 3382 Hs.
1220 3330 1253 3381 tt
1279 3324 1360 3382 detns
1379 3324 1451 3382 fehlt
1469 3326 1520 3381 der
1538 3327 1587 3383 Hs.

281 3411 316 3464 st
334 3410 469 3481 petentis,
484 3411 531 3466 Hs

367 3525 402 3578 V.
422 3528 446 3578 1.
473 3526 571 3581 Roma.
597 3525 644 3597 rtis
661 3523 761 3598 Ῥώμην
779 3526 816 3598 μὴ
837 3527 922 3583 λιπών
939 3525 1011 3604 πρὸς
1028 3522 1102 3599 ἡμᾶς
1120 3524 1308 3599 ἐπεδήμησας,
1334 3526 1370 3580 δι’
1397 3517 1435 3582 eir
1452 3524 1589 3603 dodoeoec

281 3616 376 3681 τιμέων
402 3606 536 3679 ἁλύσεων,
563 3619 616 3668 τοῖν
639 3609 801 3670 ἀποστόλων
825 3613 1016 3689 nomed-isone.
1051 3615 1148 3670 sorar.
1171 3616 1232 3668 stt.
1260 3613 1378 3684 (Petrus
1396 3613 1509 3684 Romm)
1534 3613 1589 3672 deo

281 3699 415 3772 templum
431 3701 507 3768 fidele
524 3717 556 3755 oe
574 3701 662 3756 dedite
680 3700 842 3758 collocavit.
879 3703 994 3758 Laetom.
1012 3703 1046 3757 de
1063 3709 1147 3759 mort
1165 3718 1274 3773 perseo
1291 3705 1317 3756 2.

368 3786 403 3840 V.
421 3790 447 3840 2.
474 3787 580 3858 primus
598 3792 698 3858 pastor
716 3788 755 3843 ist
772 3788 910 3859 Christus,
928 3790 1069 3844 secundus
1087 3791 1199 3845 Petrus.

368 3873 403 3928 V.
421 3877 447 3928 t.
473 3875 584 3930 amoris.
612 3876 740 3958 chrysost.
766 3876 795 3930 in
820 3877 920 3932 flumin
945 3878 1019 3932 hom.
1043 3877 1092 3944 5⁰,
1118 3880 1141 3929 1.
1169 3881 1237 3948 srgt
1259 3891 1317 3930 von
1344 3876 1459 3931 Petrus:
1495 3870 1589 3937 οὐδεὶς

280 3961 368 4026 οὕτως
386 3962 473 4034 ἐφίλει
490 3962 537 4019 τὸν
554 3959 664 4034 Ἰησοῦν.

367 4051 402 4105 V.
420 4053 445 4104 7.
463 4046 520 4106 sax.
552 4052 577 4106 8.
597 4051 652 4106 lmt
679 4052 811 4121 Auguste.
831 4054 859 4106 in
878 4067 981 4124 evang.
999 4052 1063 4107 Joh.
1081 4054 1107 4121 3,
1128 4053 1168 4106 13.
1186 4053 1203 4118 ς
1223 4052 1263 4105 17.
1296 4051 1399 4104 Petrus
1418 4050 1448 4104 in
1466 4065 1589 4120 torpore

279 4139 381 4194 oculus
399 4143 459 4206 est,
477 4137 527 4192 illo
545 4138 574 4193 in
592 4155 713 4208 corpore
732 4138 852 4214 digitum
886 4139 914 4192 in
932 4154 967 4194 eo
987 4143 1080 4194 tamen
1098 4153 1220 4208 corpore
1238 4141 1292 4205 est,
1310 4137 1339 4190 in
1358 4152 1414 4206 qno
1432 4142 1461 4190 et
1479 4136 1589 4205 Petrus,

280 4232 310 4281 et
327 4225 461 4281 siminus
479 4224 558 4280 valet
582 4225 687 4296 digitus
714 4241 796 4297 quam
824 4225 937 4294 oeulos,
969 4242 1026 4281 non
1054 4231 1098 4281 est
1131 4230 1224 4279 mmen
1251 4223 1388 4294 praeeisus
1413 4237 1432 4276 s
1456 4235 1589 4292 torpore.

279 4311 380 4368 melius
405 4317 537 4367 estesse
561 4310 679 4384 digitum
703 4318 731 4368 et
755 4327 818 4368 esse
843 4312 872 4367 in
900 4327 1038 4383 torpore,
1068 4326 1149 4382 quam
1175 4327 1238 4365 esse
1263 4309 1374 4365 oculum
1398 4316 1427 4366 et
1451 4309 1537 4364 evelli
1555 4310 1589 4365 de

279 4413 410 4471 torpore.

367 4487 402 4542 V.
419 4489 462 4542 39.
489 4487 540 4543 oie
553 4488 759 4560 verlingnung
780 4489 838 4543 und
857 4490 910 4544 den
923 4485 1033 4543 Primst
1045 4485 1124 4542 Petri
1137 4485 1217 4543 stelit
1234 4487 1361 4558 θνητοί.
1375 4484 1439 4540 adv.
1451 4482 1515 4539 tuo
1525 4485 1551 4554 8,
1563 4487 1590 4554 3,

278 4593 313 4632 so
332 4591 506 4631 zusammen:
537 4571 552 4632 α’
573 4579 680 4652 Πέτρος
705 4576 774 4648 μετὰ
798 4575 846 4646 τὴν
870 4571 984 4650 ἄρνησιν
1008 4574 1107 4645 ἐκείνην
1133 4575 1181 4644 τὴν
1202 4572 1340 4645 χαλεπὴν,
1372 4570 1465 4642 ἐπειδὴ
1483 4575 1591 4642 ταχέας

279 4662 376 4720 ἑαντὸν
395 4661 526 4735 ἀνέμνησε
543 4665 591 4736 τῆς
611 4662 765 4740 ἁμαρτίας,
789 4666 835 4719 καὶ
857 4661 973 4736 μηδενὸς
997 4659 1211 4738 κατηγοροῦντος
1237 4662 1311 4732 disys
1334 4658 1384 4731 τὴν
1407 4660 1590 4732 πλημμέλειαν

278 4756 326 4807 καὶ
344 4753 459 4807 ἔκλασαν
478 4750 590 4826 πικραῖς,
608 4752 695 4815 οὕτως
713 4748 866 4824 ἀπενίψατο
884 4750 932 4822 τὴν
951 4747 1062 4826 ἄρνησιν
1080 4749 1193 4820 sittim,
1211 4744 1249 4812 oie
1261 4752 1307 4804 sol
1324 4745 1437 4824 πρῶτος
1453 4749 1588 4819 μένοσθαι
1643 4773 1648 4782 -

279 4839 335 4895 τῶν
353 4837 516 4896 ἀποστόλων
533 4843 579 4895 καὶ
596 4839 644 4912 τὴν
661 4842 818 4911 οἰκουμένην
835 4836 1048 4914 ἐγχειρισθῆναι
1064 4833 1186 4892 ἅπασαν.

370 4926 405 4981 V.
423 4929 467 4983 65.
493 4929 572 4984 Hune
596 4929 703 4985 invenit
726 4930 829 4984 exitum
853 4929 903 4983 ille
930 4933 1053 5000 negator
1076 4931 1106 4982 et
1123 4929 1248 4994 amator,
1274 4922 1470 4994 presumente
1488 4921 1590 4989 elatus,

282 5014 414 5085 negando
432 5021 609 5087 prostratus,
633 5014 726 5072 dendo
745 5021 898 5088 purgatus,
923 5012 1082 5071 confitendo
1100 5012 1252 5083 probatus,
1269 5010 1404 5081 patiendo
1423 5012 1590 5078 coronstm3

281 5101 355 5156 hune
375 5102 482 5160 invenit
499 5105 610 5174 exitum,
629 5109 661 5160 ut
678 5119 732 5174 pro
750 5105 815 5178 eJ'us
834 5102 944 5160 nomine
962 5099 1091 5172 perfecta
1108 5098 1260 5154 dileetione
1273 5102 1440 5167 moreretur,
1458 5110 1520 5152 enm
1533 5111 1589 5165 ηαο
