3892 6025
359 723 424 788 276

357 909 459 978 Salve
481 906 611 974 victima
632 907 749 990 boam,

358 1015 393 1079 in
415 1029 531 1080 cruore
549 1015 807 1091 consummata„

359 1116 498 1202 petimus
521 1112 695 1180 dilacerari

358 1225 504 1283 nostrum
525 1233 645 1301 corpus
668 1221 702 1280 st
722 1213 834 1280 fricari
944 1213 986 1277 00

357 1405 423 1471 Per
444 1410 621 1490 puncturas
643 1400 699 1468 hic
719 1401 881 1487 poenales,

358 1533 401 1579 na
424 1531 484 1580 nos
505 1519 653 1597 pungant
673 1510 863 1592 aeternales,

359 1617 450 1683 etin
472 1615 572 1682 corde
594 1614 643 1682 sic
663 1613 850 1699 compungi,

358 1721 418 1789 tibi
439 1719 526 1804 qnod
545 1718 705 1804 possimus
723 1717 828 1802 jungi.

360 1910 462 1978 Salve
483 1916 609 1992 martyr
631 1914 664 1973 et
685 1906 825 1987 invicta,
945 1903 986 1970 05

360 2013 482 2081 chriso
504 2029 626 2096 sponsa
646 2006 844 2088 benedicta,

357 2125 392 2184 ta
412 2123 545 2202 petente
567 2114 660 2180 nobis
684 2113 792 2195 detur,

359 2228 396 2287 ιιι
418 2237 477 2286 cor
497 2226 643 2285 nostrum
663 2217 878 2296 inflammetur

357 2410 396 2477 In
419 2426 529 2475 amore
551 2425 780 2491 supernorum,

359 2509 497 2576 flammae
520 2529 649 2593 qnoque
671 2509 820 2574 vitiorum
943 2503 989 2572 10

359 2611 423 2677 tuis
444 2611 550 2676 servis
572 2609 816 2692 extinguantur,

358 2715 413 2798 qni
435 2721 468 2778 te
490 2713 591 2780 corde
612 2721 817 2778 venerantur.

358 2902 461 2970 Salve
483 2910 650 2986 constans,
673 2903 818 2968 animosa

358 3010 393 3075 in
416 3016 603 3095 conspectu,
625 3010 746 3075 rubens
768 3025 855 3092 rosa,

361 3112 416 3179 iao
436 3120 473 3176 nt
493 3110 731 3177 salutiferorum
943 3110 985 3173 15

360 3216 469 3302 plagis
490 3215 750 3300 paenitentiarum

357 3404 396 3472 lu
416 3403 480 3469 hac
501 3403 569 3470 vita
590 3403 742 3470 feriamur

357 3526 420 3591 pro
441 3508 587 3592 peccatis
608 3515 642 3574 et
664 3507 865 3589 scindamur,

358 3618 395 3676 ut
415 3609 470 3676 hio
487 3609 679 3696 poenitendo
702 3612 780 3677 ceri

358 3732 544 3781 maneamus
565 3722 643 3781 tunc
663 3714 765 3791 illaesi.
909 3733 926 3799 χ
941 3714 984 3783 80

1038 902 1140 972 Salva
1161 903 1247 969 mitis
1270 909 1304 968 at
1324 909 1478 984 venusta,

1038 1007 1190 1092 simplex,
1212 1007 1340 1091 patiens
1363 1012 1397 1072 et
1412 1006 1522 1092 justa,

1038 1110 1131 1176 salva
1152 1110 1265 1175 mortis
1288 1109 1487 1194 superatrix,

1038 1214 1132 1281 nobis
1155 1213 1200 1278 sis
1225 1212 1409 1278 auxiliatrix

1037 1403 1140 1491 Apud
1161 1402 1341 1484 Christum,
1360 1404 1415 1487 qni
1437 1410 1599 1470 tanwrum
1622 1405 1664 1471 85

1038 1509 1072 1574 in
1093 1508 1255 1594 pressuris
1277 1514 1508 1572 tormentorum

1039 1619 1072 1678 te
1095 1613 1282 1679 confortans
1303 1608 1448 1676 visitavit

1040 1733 1103 1802 pro
1125 1723 1158 1780 ta
1181 1733 1309 1799 quoque
1332 1713 1504 1780 dimicavit
1555 1705 1556 1710 ’

1041 1905 1096 1972 Sis
1117 1908 1151 1971 in
1173 1906 1380 1974 tribulatione

1039 2011 1134 2077 nobis
1156 2018 1309 2075 constans
1331 2018 1364 2076 et
1386 2028 1507 2095 agone,
1622 2008 1664 2073 90
1792 1995 1793 2004 ’

1039 2114 1169 2198 quando
1192 2133 1301 2180 sumus
1323 2115 1470 2180 morituri

1039 2238 1082 2284 ex
1104 2217 1169 2283 hoc
1189 2217 1309 2284 mundo
1331 2217 1514 2300 transituri,

1039 2403 1083 2472 Ut
1103 2424 1124 2468 a
1146 2404 1240 2470 clade
1263 2404 1357 2470 malae
1379 2404 1492 2469 mortis

1039 2525 1099 2573 nos
1122 2505 1277 2573 defendat
1299 2507 1379 2572 dens
1401 2507 1495 2573 tortis

1038 2618 1073 2677 st
1095 2611 1257 2678 concedat
1276 2611 1375 2676 ιίιιοιιι
1395 2613 1528 2694 bonnm,
1623 2610 1664 2674 95

1039 2715 1126 2800 quod
1147 2723 1199 2782 est
1220 2735 1320 2803 snper
1343 2723 1436 2781 oninc
1458 2715 1594 2782 donum

977 2861 993 2965 ⁵·
1037 2903 1082 2973 Ut
1102 2914 1241 2990 peccata
1263 2904 1439 2972 defleamus

1038 3018 1073 3077 et
1094 3019 1169 3095 post
1189 3019 1294 3079 tecum
1316 3010 1546 3096 gaudeamus,
1609 3006 1613 3015 '

1039 3112 1144 3179 donec
1166 3119 1199 3178 te
1221 3113 1445 3197 patrocinante

933 3275 939 3285 .
1038 3219 1131 3285 nobis
1154 3225 1188 3293 et
1214 3219 1459 3309 interpellante,
1602 3216 1664 3281 100

1038 3406 1200 3490 Quidquid
1217 3405 1309 3490 juste
1330 3398 1508 3490 rogitamus

1038 3518 1095 3577 aut
1116 3528 1251 3595 necesse
1273 3510 1488 3595 postulamus,

1038 3613 1130 3678 utin
1152 3612 1275 3679 cunctis
1299 3610 1494 3696 adjuvamen

1039 3732 1168 3799 semper
1189 3714 1373 3797 sentiamus.
1406 3732 1507 3779 amen.

449 3893 497 3949 Hs.
522 3910 558 3949 sn
575 3892 731 3950 missaha
758 3910 786 3951 o.
802 3892 856 3982 iio.
873 3910 931 3953 von
949 3896 1091 3983 1000101.
1111 3896 1168 3951 100.
1187 3893 1261 3951 ohne
1279 3885 1596 3965 Strophsnabthailnng.

452 4016 488 4071 18
505 4016 586 4071 deum
604 4013 679 4072 conf.
697 4016 749 4073 Hs·
793 4018 829 4072 26
845 4010 1007 4090 ponderosa
1025 4050 1057 4062 -
1077 4023 1213 4088 truamur,
1231 4018 1279 4075 na.
1328 4018 1362 4072 31
1381 4012 1595 4087 profundamus,
1613 4016 1662 4073 Hs.

363 4104 401 4157 ιι
417 4100 448 4156 iu
464 4098 545 4157 teuit
589 4102 625 4158 62
642 4118 766 4177 pungas,
784 4102 833 4160 Hs.
877 4105 1046 4178 diaspenis
1064 4103 1158 4177 ipat
1176 4104 1223 4161 ils
1268 4104 1303 4161 00
1321 4108 1362 4173 st,
1381 4102 1427 4159 iis.
1463 4106 1500 4159 ἰι
1517 4104 1596 4175 ruba,
1616 4102 1664 4162 ils.

362 4190 396 4245 01
415 4204 477 4246 aum
494 4187 589 4258 simus,
606 4187 656 4245 Hs.

715 4560 803 4635 896.
839 4559 967 4635 Oratio
992 4560 1036 4636 de
1062 4590 1090 4637 s.
1116 4562 1312 4637 Dorothea.

359 4804 462 4872 Salva
484 4813 598 4872 sancta
618 4804 799 4893 dorothea,

358 4907 435 4973 andi
457 4926 570 4991 quaeso
589 4916 666 4975 vota
688 4930 776 4994 mea,
900 4936 904 4941 ’

357 5020 495 5094 propter
514 5020 601 5079 tuam
622 5016 806 5101 passionem

357 5131 462 5181 meum
484 5118 603 5185 bonum
625 5120 678 5188 iao
701 5139 848 5206 agonem.

1037 4810 1143 4894 Virgo
1164 4807 1307 4894 prudens
1329 4815 1363 4873 et
1384 4806 1536 4891 formosa,
1642 4808 1662 4872 5

1037 4911 1182 5000 paradisi
1203 4930 1345 4976 vernans
1365 4929 1464 4995 rosa,

935 5033 938 5038 ⁴
960 5059 963 5064 <
1036 5016 1129 5081 salva
1151 5017 1265 5099 virgo,
1289 5034 1410 5100 sponsa
1432 5015 1568 5098 Christi,

1037 5128 1073 5185 ιιι
1094 5126 1161 5186 tras
1184 5120 1295 5187 hostes
1317 5140 1391 5203 qnae
1414 5120 1536 5203 vicisti,
