3892 6025
285 854 428 921 Fructus
450 856 505 919 illc
529 864 594 919 tam
616 857 759 921 sublimis
967 859 1059 943 llrgo
1086 870 1121 926 tn
1143 881 1215 927 cum
1236 872 1338 929 matre
1362 876 1439 930 nata

285 960 391 1037 cralo,
414 960 509 1023 terris
533 970 567 1023 et
588 961 620 1023 in
642 960 713 1023 imis
968 962 1054 1028 dulci
1077 984 1164 1030 nexu
1185 966 1345 1031 foederata

331 1062 440 1125 attulit
462 1062 624 1143 laetitiam3
1010 1065 1114 1149 culpis
1136 1086 1196 1131 uos
1218 1070 1395 1151 absolvite3
1550 1076 1591 1137 15

284 1164 428 1228 tortuosi
449 1184 522 1229 nam
546 1166 716 1248 serpentis,
872 1168 913 1229 lo
967 1174 1000 1230 tn
1024 1169 1135 1251 nepoti
1158 1178 1254 1253 tuque
1277 1181 1370 1254 nato,

285 1268 375 1331 malo
399 1288 496 1332 suasu
519 1271 765 1348 nocumentis,
966 1272 1073 1334 caruis
1096 1273 1190 1338 hoste
1212 1277 1422 1360 propulsato,

330 1371 472 1433 conterit
493 1371 686 1453 superbiam.
1009 1374 1193 1441 interventu
1211 1378 1350 1461 jangite.

377 1544 424 1599 lls.
450 1564 484 1599 zu
503 1546 530 1601 S.
549 1546 620 1601 Paul
645 1547 672 1601 in
692 1548 818 1603 Kirnten
841 1548 894 1603 No.
912 1550 954 1603 48.
980 1550 1014 1603 11
1031 1549 1129 1605 Jahrb
1165 1552 1195 1605 ln
1219 1553 1270 1607 der
1288 1554 1335 1609 lls
1357 1556 1427 1626 geht
1451 1558 1526 1613 noch
1544 1558 1589 1613 cin

286 1634 440 1705 gereimtes
459 1634 547 1690 debet
565 1632 619 1687 aul
634 1634 677 1687 die
697 1634 807 1707 Heilige
826 1652 937 1693 vorans.

379 1740 413 1791 ll
433 1738 531 1793 besser
550 1740 629 1793 ware
648 1737 799 1808 perdentis.

636 1989 721 2062 786.
759 1990 816 2061 De
842 2016 869 2061 s.
896 1988 1016 2063 Anna.
1047 1992 1247 2065 adtendas.

289 2188 388 2255 Anna
411 2188 530 2254 Christi
552 2191 726 2255 thalamum
965 2199 1060 2279 larga
1083 2197 1334 2282 dona‘largiens

328 2293 453 2355 intrans
478 2312 549 2357 oum
572 2294 696 2357 honore
1010 2300 1058 2363 sic
1079 2300 1202 2363 invonit
1223 2321 1305 2364 eum.

286 2396 518 2460 cinnamomum
544 2397 720 2461 balsamum

328 2510 465 2583 superat
488 2501 599 2566 odore,
966 2488 1166 2554 Benedicant
1189 2492 1295 2555 omniu

1010 2592 1119 2673 deum,
1143 2594 1196 2673 qni
1219 2593 1352 2657 donavit

286 2688 386 2755 Pulso
409 2694 524 2756 mentis
547 2694 674 2776 nubilo,
893 2702 912 2759 5
965 2692 1074 2759 Annae
1097 2696 1194 2759 talem
1216 2695 1331 2776 liliam,
1550 2701 1590 2763 la

328 2794 462 2859 deterso
485 2814 638 2878 moerore,
1010 2818 1084 2880 quae
1105 2798 1241 2864 lhesnm
1263 2800 1404 2866 lactavit.

288 2900 446 2982 conspicit
469 2919 540 2964 cum
558 2900 664 2984 jubilo

328 3024 442 3086 regem
464 3005 495 3068 j„
520 3004 647 3070 decore,
965 2986 1085 3054 Aulam
1109 2991 1183 3055 coeli
1206 2991 1304 3057 curiae

1010 3094 1108 3159 Anna
1125 3095 1195 3177 jam
1217 3098 1364 3177 ingressa

288 3193 435 3278 Vigilans
458 3203 491 3258 et
513 3197 623 3260 sitiens
964 3198 1077 3262 laudat
1098 3219 1210 3281 regem
1232 3200 1358 3281 gloriae'

328 3298 402 3361 baec
424 3298 573 3379 quesivit
595 3299 706 3382 deum,
872 3301 912 3366 10
1008 3317 1092 3365 voce
1114 3301 1287 3366 indelessa.
1548 3302 1590 3363 2⁰

379 3479 570 3534 licicbenancr
588 3480 637 3534 lls.
656 3479 709 3535 No.
727 3481 771 3534 60.
790 3479 957 3534 Β135.ιιιι
976 3479 1038 3534 dem
1057 3482 1092 3534 14
1109 3480 1208 3536 Jahrb.
1227 3499 1262 3536 ιιι
1281 3482 1444 3538 Karlsrubc.

384 3604 401 3655 3
420 3602 546 3670 balsami,
564 3603 611 3657 lls

378 3728 428 3782 llic
448 3727 585 3783 Griecben
606 3727 697 3782 haben
715 3727 743 3780 in
762 3725 806 3780 die
822 3727 923 3782 Lieder
941 3725 995 3782 aul*
1008 3728 1054 3783 die
1073 3730 1099 3782 b.
1118 3731 1199 3786 Anna
1217 3729 1418 3800 Beaiebungen
1436 3727 1490 3784 aul
1502 3728 1592 3784 illaria

290 3814 445 3887 eingelbgt,
464 3814 508 3869 die
527 3815 604 3869 nicbt
623 3815 650 3868 in
670 3815 722 3872 den
741 3815 794 3869 mir
812 3815 970 3870 bekannten
988 3816 1108 3871 Liedern
1125 3815 1180 3871 auf
1193 3816 1238 3870 dic
1256 3818 1283 3870 Ιι
1296 3819 1377 3872 Anna
1395 3818 1590 3873 vurlrommen:

290 3921 313 3958 u.
330 3907 362 3959 B.
389 3909 499 3977 χαίροις
516 3900 533 3976 ἡ
557 3904 634 3974 vomi}
657 3903 786 3973 χελιδών,
810 3907 858 3978 ἔαρ
877 3903 924 3974 τῆς
942 3903 1057 3981 χάριτος
1075 3905 1140 3977 ἡμῖν
1155 3905 1172 3976 ἦ
1190 3911 1360 3981 γνωρίσασα.
1398 3905 1487 3978 ἀμνὰς
1505 3912 1590 3978 τιμία,

289 3989 304 4061 'l
323 3990 449 4064 κυήσασα
468 3989 586 4063 δάμαλιν
604 3993 813 4066 τὸνέξιιίρονιιι
834 3989 920 4064 ἀμνὸν
937 3989 1045 4064 κόσμου
1062 3992 1096 4046 τὰ
1114 3997 1280 4065 πταίσματα.
1299 3993 1354 4049 sal.
1372 3996 1415 4049 25.

744 4277 829 4350 787.
869 4277 926 4347 De
952 4303 981 4348 s.
1007 4271 1127 4347 Anna.

290 4477 404 4560 Terra,
428 4487 561 4564 pontus,
586 4488 689 4562 astra,
712 4481 847 4546 mundus
965 4482 1110 4547 instituto
1133 4482 1175 4547 de
1198 4483 1298 4566 legali

329 4586 439 4648 laetum
463 4584 540 4647 dent
561 4585 764 4666 obsequium,
1006 4587 1172 4669 dignitatis
1195 4589 1321 4672 parilis;

291 4687 407 4753 chorus
429 4689 548 4773 psallat
571 4687 773 4753 laetabundus

331 4794 362 4856 in
384 4789 492 4856 ΑΜ
514 4794 720 4875 praeconium·
966 4752 1035 4818 Sed
1057 4772 1138 4835 qnos
1160 4754 1239 4818 loetu
1262 4754 1454 4837 desperatos

1009 4857 1064 4919 lex
1086 4863 1211 4918 naturae
1233 4855 1392 4939 prodidit,
1546 4858 1587 4922 lo

292 4951 397 5040 Stirpe
421 4966 528 5023 natam
551 4981 593 5024 ex
617 4959 721 5042 regali
891 4963 910 5022 5
964 4967 1062 5042 partu
1084 4975 1178 5022 sacro
1201 4975 1264 5021 non
1287 4958 1433 5042 privatos

330 5069 363 5125 ut
386 5064 513 5147 accepit
535 5065 651 5130 nobilis
1008 5083 1068 5126 rex
1090 5070 1214 5126 naturae
1237 5063 1387 5128 reddidit.
