3892 6025
584 1121 671 1200 963.
710 1123 905 1225 Sequentia
930 1125 1029 1200 des.
1056 1123 1263 1226 Gnmperto.

261 1362 399 1430 Sursum
421 1363 524 1429 corda
544 1363 738 1447 dirigamus,
943 1363 1049 1430 Homo
1071 1365 1149 1430 vite
1172 1364 1360 1450 singularis,
1526 1369 1568 1432 21

260 1474 297 1531 11
320 1483 431 1532 amore
453 1465 637 1531 lerveamns
941 1465 1121 1550 disciplina
1143 1467 1294 1532 salutaris

260 1569 345 1635 Jesn
368 1566 489 1633 Gbristi
511 1568 640 1634 domini.
942 1573 995 1634 est
1017 1569 1155 1652 adeptus
1177 1570 1325 1652 gratiam

260 1757 384 1824 Christi
405 1777 536 1842 semper
557 1759 732 1824 inhonore
941 1757 1032 1821 Vixit
1053 1764 1159 1838 caste,
1181 1757 1262 1820 vixit
1284 1758 1338 1840 pie

258 1863 383 1947 psallat
403 1868 527 1944 mente,
549 1862 670 1946 psallat
692 1879 766 1943 ore,
869 1863 889 1926 5
943 1879 1048 1926 sacras
1071 1861 1188 1944 virgini
1211 1861 1327 1926 blariae

259 1967 317 2049 qui
340 1964 519 2032 concordat
536 1965 665 2031 nomini
931 1970 1134 2056 'construens
1158 1963 1336 2028 ecclesiam.

257 2158 337 2242 lpse
360 2157 734 2248 11111111131111111,
942 2151 1089 2220 Kilianns
1112 2154 1299 2236 seminavit,

258 2262 334 2346 ipse
356 2260 444 2325 salus
467 2261 658 2344 electorum,
943 2256 1033 2340 quod
1054 2253 1262 2320 Burnbardus
1285 2255 1447 2340 irrigavit,

259 2365 334 2448 ipse
356 2382 434 2447 spes
455 2371 490 2428 et
511 2363 626 2446 gloria
941 2358 1029 2443 quod
1053 2357 1248 2443 Gumpertus
1270 2359 1410 2426 messuit

259 2551 395 2618 Laudes
417 2569 500 2634 ergo
524 2549 699 2642 salvatoris
849 2528 894 2614 10‘
938 2549 1061 2617 Semen
1083 2559 1155 2615 erat
1177 2553 1312 2618 verbnm
1334 2550 1402 2632 dei,

258 2656 291 2720 in
316 2653 485 2738 Gnmperti
507 2652 705 2719 confessoris
941 2655 1057 2719 messis
1080 2655 1203 2720 irnotns
1226 2661 1349 2720 sanctae
1371 2653 1458 2738 spei,
1525 2654 1567 2717 35

260 2759 435 2847 pangimus
457 2757 620 2823 memoria.
942 2777 1007 2841 qna
1030 2756 1223 2842 Gnmpertns
1245 2757 1357 2841 viguit.

259 2950 323 3017 Ille
346 2948 410 3013 deo
431 2948 596 3030 militavit,
943 2947 969 3015 0
994 2947 1448 3035 (1111111111,1111151111,ι

262 3054 344 3119 vicit
365 3052 531 3135 mnndum,
554 3051 764 3137 triumphavit
943 3064 1015 3121 esto
1039 3058 1131 3121 nobis
1154 3056 1354 3136 consolator,

261 3156 436 3224 debellatis
458 3156 614 3223 bostibns.
849 3156 889 3219 15
943 3160 1080 3224 subveni
1103 3159 1323 3226 clamantibus.

258 3352 381 3446 Hostes
403 3356 497 3413 erant
520 3337 627 3413 carnis
650 3355 770 3431 motus,
942 3347 997 3413 Ad
1021 3354 1157 3432 peccata
1181 3344 1369 3412 redimenda
1526 3344 1567 3409 lo

259 3452 378 3533 quibus
400 3449 464 3515 deo
486 3450 539 3513 vir
560 3448 698 3514 devotus
941 3460 998 3517 tuo
1021 3452 1174 3533 reginos
1197 3447 1386 3514 commenda

258 3554 379 3619 restitit
400 3552 602 3618 instantibus.
941 3555 1064 3620 meritis
1087 3563 1120 3619 et
1142 3554 1301 3637 precibus.

259 3743 342 3809 (lum
366 3742 408 3807 ad
430 3741 528 3807 fidem
549 3742 750 3828 traheretur,
939 3743 1046 3827 Audi,
1069 3744 1164 3827 Jesu,
1188 3744 1422 3827 supplicantes,

258 3870 299 3912 ne
324 3869 346 3912 a
367 3846 433 3911 lide
453 3848 633 3931 laberetur,
844 3849 888 3915 20
940 3848 1018 3914 audi
1045 3856 1110 3913 tuae
1133 3846 1334 3930 postulantes
1628 3938 1629 3943 γ

259 3952 383 4017 domuit
405 3953 557 4018 carnalia.
941 3950 1014 4037 opis
1037 3950 1247 4031 adminicula,
1525 3950 1568 4011 lb

258 4141 461 4208 Festinando
484 4142 526 4208 ad
549 4143 687 4208 salntem
942 4140 986 4206 llt
1008 4142 1155 4227 placatus
1178 4140 1228 4203 bis
1251 4138 1396 4223 patronis

262 4244 302 4310 de
326 4246 446 4309 virtute
467 4246 501 4309 in
524 4247 676 4311 virtutem
941 4245 984 4311 ad
1007 4265 1159 4331 supernas
1180 4244 1314 4309 visionis

261 4348 372 4429 posuit
393 4348 541 4430 vestigia.
941 4350 1006 4415 duc
1027 4366 1090 4414 nos
1111 4346 1303 4413 habitacula.

349 4544 410 4598 Ans
436 4546 658 4616 gescbriebeaen
682 4549 826 4607 Zositaen
849 4551 878 4607 in
902 4550 962 4605 dem
987 4550 1183 4623 wonourger
1200 4548 1347 4605 blessbueb
1370 4564 1427 4604 von
1446 4520 1516 4603 1181
1539 4548 1567 4605 in

262 4631 391 4703 dortiger
413 4632 587 4689 Bibliotbeln
623 4634 760 4707 Gumpert
782 4652 845 4692 war
871 4636 921 4693 der
945 4638 1054 4693 Patron
1078 4638 1129 4693 der
1155 4635 1336 4694 Stiftslrircbe
1366 4653 1400 4691 sn
1425 4634 1565 4703 Ansbaeh,

264 4716 360 4775 wafrin
378 4718 555 4776 1111111111
574 4724 704 4792 gemacht
722 4722 827 4780 warde.

349 4860 540 4939 3111111111.
577 4866 612 4919 32
630 4866 774 4939 erogavit,
792 4867 840 4922 lls.
877 4868 910 4921 tt
929 4866 1029 4922 besser
1047 4868 1114 4923 tuisf
1146 4866 1372 4923 151111111111.

350 4999 384 5054 V.
403 5002 428 5056 6.
455 5002 529 5058 Wer
546 5002 608 5059 siclt
624 5004 707 5061 einen
723 5004 856 5062 carnem
872 5010 965 5062 nennt
1485 5040 1488 5049 ·

350 5087 381 5143 V.
399 5092 443 5146 17.
467 5106 589 5163 superna
607 5091 690 5163 visio,
708 5092 762 5149 des
786 5092 957 5151 b'nnmliscbe
977 5093 1140 5151 Jerusalem.
1168 5094 1220 5153 No.
1240 5096 1300 5165 910,
1319 5096 1361 5151 11.
