3892 6025
427 650 492 716 498

428 834 543 903 Foedoe
565 835 671 902 caruis
693 835 787 902 luxus
810 835 896 918 pelle
1106 833 1195 900 Sana
1218 838 1349 902 morbos
1371 843 1405 900 et
1426 837 1620 920 languores,

430 947 464 1005 et
486 948 627 1024 purgato
649 939 757 1008 cordis
780 939 857 1004 selle
1106 957 1184 1004 cura
1206 946 1317 1023 pestes
1339 948 1373 1004 et
1395 940 1529 1005 dolores

473 1042 536 1107 deo
559 1061 619 1108 uos
641 1044 794 1126 concilia,
859 1033 863 1040 ⁴
1147 1041 1291 1124 fugaque
1314 1040 1488 1124 daemonia,
1687 1046 1720 1107 15

431 1144 530 1209 funde
552 1163 668 1228 preces
690 1163 751 1228 pro
774 1146 935 1229 peccatis,
1012 1147 1053 1211 10
1105 1145 1239 1229 placens
1262 1144 1325 1210 deo
1346 1147 1443 1230 placa
1468 1146 1579 1230 deum,

429 1253 539 1312 uotam
561 1247 635 1311 dele
656 1248 843 1331 pravitatis,
1104 1268 1146 1313 ne
1168 1248 1361 1314 condemnet
1383 1251 1513 1334 plasma
1535 1271 1626 1316 reum

472 1359 505 1416 et
527 1359 665 1416 mentem
686 1352 819 1418 irradia.
1147 1355 1256 1419 carnis
1278 1361 1355 1440 post
1377 1356 1486 1420 exitia.

514 1535 561 1592 lis.
581 1551 616 1590 uu
632 1537 731 1607 lisina,
751 1541 824 1612 Aug.
843 1539 896 1595 No.
915 1540 976 1594 tat.
993 1538 1037 1594 Bl.
1057 1539 1116 1594 180.
1135 1537 1184 1592 des
1204 1541 1236 1592 15
1253 1539 1353 1596 tamn.

514 1661 548 1714 12
566 1660 719 1730 iracundia,
738 1661 786 1717 lla.

513 1817 565 1874 Eia
591 1816 711 1874 anderes
735 1815 803 1870 Lied
830 1814 884 1872 aui
907 1815 1003 1871 diesen
1026 1815 1158 1888 lleiligeu
1180 1815 1208 1870 in
1231 1818 1248 1868 5
1272 1815 1415 1886 Strophen
1439 1815 1492 1872 mit
1515 1814 1578 1870 dem
1602 1811 1714 1886 Auiaug:

426 1905 537 1975 llsrtyr
560 1903 606 1959 dei
629 1903 746 1976 egregie
769 1904 846 1958 steht
869 1902 897 1957 in
922 1904 951 1956 A.
970 1903 1036 1969 ttajt
1059 1917 1124 1958 nov.
1142 1901 1210 1957 bibl
1229 1905 1341 1973 patrum
1366 1901 1393 1969 l,
1414 1903 1437 1957 1.
1463 1917 1491 1972 p.
1511 1903 1572 1956 aot.
1596 1918 1646 1957 aus
1663 1902 1716 1956 deu

427 1993 461 2046 11
479 1991 578 2048 Jahrb.

633 2275 742 2348 1150.
781 2272 821 2346 S.
848 2270 1051 2345 sebastiani
1072 2272 1234 2372 martyris
1268 2273 1513 2371 (dopositum).

429 2481 459 2546 1.
490 2477 603 2561 nigris
626 2478 818 2543 extollamus
1103 2478 1134 2541 5.
1165 2474 1208 2541 lit
1230 2475 1293 2541 deo
1315 2475 1475 2543 reddebat
1498 2478 1639 2559 animas,

491 2579 655 2663 laudibus,
679 2579 852 2663 carissimi,
1168 2596 1249 2661 quas
1272 2583 1426 2665 captabat
1449 2590 1598 2663 satanas,
1677 2577 1710 2640 20

490 2717 593 2802 Ήθὸὶῦ
616 2718 731 2782 aelfflfi
753 2718 910 2800 Simiam,
1167 2730 1384 2819 Athletasque
1407 2736 1461 2803 dei
1484 2738 1631 2804 defessos

494 2841 567 2904 ouae
590 2821 646 2886 dat
667 2821 807 2906 calmem
830 2829 864 2886 et
885 2820 1033 2904 gloriam,
1167 2837 1308 2903 roratas
1329 2840 1521 2925 intrepidos.

491 2958 536 3027 Et
557 2979 617 3045 per
639 2960 819 3044 triumphos
833 2969 1011 3043 martyrum
1031 2963 1050 3024 5
1172 2993 1176 2998 ·

493 3063 620 3129 confert
641 3066 734 3131 uobis
749 3066 898 3130 solatium
920 3071 954 3128 et
968 3084 1051 3147 gau·
1103 3078 1133 3141 6,
1163 3074 1303 3159 Eloquia
1325 3080 1452 3144 carenti

792 3166 886 3230 dium.
1167 3179 1232 3245 lroc
1253 3183 1337 3246 bene
1360 3181 1508 3248 credenti

428 3328 458 3395 2.
486 3325 538 3393 Ex
562 3345 695 3412 quorum
715 3346 849 3393 numero
868 3328 1051 3395 virbeatus

492 3432 589 3497 micat
626 3432 719 3499 nobis
755 3429 968 3498 Sebastianus
1001 3432 1050 3497 in·

791 3536 914 3619 clytus,
1167 3534 1320 3603 Geminos
1343 3557 1472 3623 quoque
1494 3542 1612 3607 fratres

491 3671 623 3739 Amictu
642 3673 823 3759 chlamydis
840 3676 1051 3741 obumbratus
1168 3648 1202 3703 ‘t
1223 3649 1400 3725 martyrum
1420 3646 1535 3729 plum

493 3788 526 3845 et
557 3780 704 3846 occultus
742 3783 803 3846 sub
834 3780 962 3845 militari
990 3778 1050 3843 lra-
1167 3760 1239 3863 ⁰¹{ffl
1262 3746 1377 3827 ⁸8⁰⁰ss
1399 3764 1522 3813 00r0na

790 3884 867 3949 bitu.
1009 3880 1050 3945 10
1166 3850 1251 3915 maii
1272 3850 1316 3916 ad
1336 3852 1413 3917 olla.
1670 3842 1703 3904 30

1166 3383 1309 3453 reddidit
1330 3404 1440 3469 prece.

426 4050 457 4123 8,
487 4048 548 4114 Dei
570 4050 642 4114 veri
664 4050 769 4115 cultor
790 4047 946 4113 honestus

490 4160 605 4239 gratus
633 4160 705 4217 erat
735 4159 768 4216 et
797 4158 950 4233 acceptus
981 4167 1049 4216 om·

653 4338 657 4345 ¹
790 4256 919 4335 uibus,¹

491 4389 604 4456 Gratia
626 4390 777 4475 perinsus
801 4390 910 4457 divina

487 4492 610 4578 placuit
632 4494 665 4555 in
687 4499 757 4557 tota
778 4491 891 4559 llomae
914 4496 1013 4561 coris

1102 4094 1131 4156 7.
1163 4090 1359 4176 Imperatori
1380 4094 1511 4159 taudem

1165 4199 1218 4261 vir
1240 4196 1294 4262 dei
1316 4206 1367 4262 est
1387 4198 1550 4282 proditus,

1165 4336 1209 4405 Ut
1231 4356 1307 4405 reus
1328 4340 1468 4421 sistitur,

1166 4443 1296 4526 sagittis
1318 4450 1405 4509 totus
1428 4442 1605 4527 configitur.

697 4670 699 4675 ¹
1166 4578 1225 4651 llis
1245 4581 1353 4665 plagis
1376 4585 1496 4651 curatis
1665 4563 1697 4626 ³⁵

422 4684 454 4747 4.
484 4680 546 4746 llic
568 4682 690 4747 amicus
713 4688 785 4746 erat
806 4682 988 4767 principum
1006 4684 1046 4744 15
1166 4684 1256 4749 ocius
1282 4685 1411 4750 sanitati

488 4788 531 4852 ob
553 4784 652 4851 fidele
674 4786 855 4879 servitium,
1162 4789 1320 4873 perlectae
1352 4799 1523 4875 postquam
1557 4788 1605 4849 ast
1635 4766 1696 4840 rod·

486 4923 577 4991 Idem
593 4922 666 5010 jam
688 4922 820 4991 Christo
842 4922 990 4989 sedulum
1463 4894 1562 4970 ditus,

487 5030 664 5099 exhibebat
682 5028 838 5113 cilicium,
1163 5024 1258 5097 Ultro
1280 5049 1317 5097 se
1337 5030 1478 5097 offerens

1167 3282 1353 3348 facultatem
1375 3286 1518 3368 loquelae
1675 3280 1707 3342 25
1752 3271 1753 3276 ’

1745 4197 1747 4308 l
