3892 6025
588 1162 590 1167 ’
696 1123 803 1199 1035.
837 1124 895 1195 Dc
922 1147 950 1194 s.
973 1120 1179 1195 Leonardo.
1212 1122 1404 1221 sequentia.

395 1363 432 1427 ln
455 1362 604 1445 supernis
626 1362 811 1425 resonando
1072 1362 1133 1426 llio
1155 1363 1269 1444 regala
1292 1380 1451 1447 spernens
1473 1362 1558 1429 latus

390 1466 565 1548 jubilemus
588 1467 701 1531 landes
725 1466 832 1531 dando
1072 1473 1105 1527 et
1127 1466 1257 1547 pinnam
1282 1466 1490 1548 pontificatus

437 1572 510 1654 regi
533 1570 635 1635 dulcis
659 1572 793 1654 gloriae,
1115 1568 1193 1632 exiit
1217 1588 1236 1632 a
1258 1570 1400 1652 propriis

395 1672 448 1755 qui
471 1676 600 1740 beatum
622 1672 845 1759 Leonardum,
1072 1662 1185 1732 arvum
1208 1680 1324 1754 petens
1347 1668 1561 1755 Aquitannm,

394 1773 551 1839 libertatis
575 1774 667 1839 almae
691 1774 825 1840 nardum
999 1780 1019 1838 5
1071 1773 1116 1836 ibi
1139 1772 1263 1854 degens
1286 1792 1349 1838 non
1372 1776 1405 1839 in
1427 1796 1544 1841 vanum

438 1885 472 1939 et
494 1874 606 1939 llorem
629 1876 779 1941 ecclesiae
1115 1876 1252 1939 inmunis
1276 1870 1296 1941 a
1318 1870 1412 1942 vitiis.

395 2098 576 2168 Sanctitate
600 2102 783 2187 decoravit,
1071 2084 1236 2149 Pi⁰s¹1⁵³⁸
1259 2106 1377 2171 Ρῐθθθῦ
1399 2086 1529 2153 flentum

394 2206 497 2285 quem'
511 2204 648 2269 beando·
663 2206 877 2289 proclamavit
1071 2186 1238 2251 ⁰¹³³lest
1259 2208 1297 2253 ⁸⁶
1319 2196 1498 2273 petentum,

438 2309 470 2371 in
489 2318 646 2373 terrarum
672 2294 788 2374 finibus
1071 2293 1157 2358 laute
1180 2296 1273 2359 nimis
1298 2306 1330 2361 et
1349 2298 1503 2363 talentum

393 2431 454 2493 per
478 2411 642 2493 signorum
667 2414 864 2495 ubertatem,
978 2415 1018 2476 to
1114 2397 1233 2479 Sparsit
1256 2398 1317 2462 Sibi
1340 2398 1506 2481 ‘raditum’

394 2533 467 2596 quae
491 2517 532 2579 ob
556 2515 627 2597 ejus
651 2516 852 2579 sanctitatem

437 2615 563 2699 fulgent
587 2617 618 2680 jn
643 2616 830 2683 hominibus,
1070 2583 1245 2666 Utriusque
1269 2585 1377 2651 dando
1401 2590 1486 2652 bona

1070 2708 1218 2772 pascuae,
1242 2689 1348 2757 donec
1370 2710 1491 2757 corona

1071 2793 1274 2877 triumphalis
1297 2803 1394 2878 atque
1418 2815 1501 2861 zona
1551 2820 1553 2823 ’

392 2836 474 2921 Ejus
498 2832 597 2921 prece
620 2838 693 2903 lons
716 2828 893 2921 manavit,'
1114 2898 1214 2963 cinxi,
1236 2899 1309 2983 eju,
1330 2900 1486 2982 ,pirgum

394 2962 488 3026 qnam
512 2951 627 3007 natura
651 2942 842 3028 denegavit,

438 3046 519 3111 dans
541 3057 651 3132 potum
675 3049 843 3132 indigenis.
933 3049 936 3056 '
978 3051 1017 3112 15

394 3158 473 3214 aetas
496 3151 559 3216 hoo
581 3171 646 3216 non
668 3153 768 3217 habet
790 3172 920 3236 parem,

394 3255 508 3337 quibus
531 3255 618 3318 illum
643 3274 863 3338 compararem

436 3357 523 3420 miris
545 3358 577 3420 in
601 3357 770 3422 miraculis.

1071 3089 1146 3155 Ave
1169 3110 1289 3176 spano
1312 3094 1530 3177 captivorum,

1070 3194 1239 3260 relaxator
1260 3197 1477 3278 vinculorum,

1070 3298 1257 3362 consolator
1279 3300 1486 3382 miserorum,

1069 3399 1173 3464 forma
1195 3400 1287 3480 vitae,
1310 3402 1365 3464 via
1387 3421 1526 3484 morum,

1113 3503 1242 3587 adjutor
1266 3506 1521 3588 promptissime!

393 3587 475 3651 Nam
500 3588 623 3669 reginae
647 3587 807 3652 laboranti

392 3697 426 3754 et
447 3689 479 3752 in
501 3697 597 3774 partu
620 3688 806 3772 desperanti
973 3691 1015 3754 20
1069 3689 1190 3754 Preces
1212 3690 1287 3755 andi
1310 3699 1342 3755 te
1361 3702 1551 3778 rogantum,

437 3790 571 3855 contulit
594 3791 753 3854 auxilium.
1069 3793 1297 3875 JesuChriste,
1314 3793 1635 3886 perhancsanctum,
1652 3804 1697 3867 45
1780 3788 1781 3859 f

276 3929 277 3932 ¹
393 3898 562 3961 invocatus
585 3897 787 3962 vinculatis·
1069 3897 1259 3961 festinantes
1283 3895 1325 3960 ad
1348 3906 1379 3961 te
1403 3906 1525 3965 tantum

393 4008 427 4065 et
447 4009 606 4065 tormento
625 4001 787 4086 deputatis
1069 4017 1131 4063 nos
1154 4000 1197 4064 ad
1219 4001 1331 4085 thyma
1354 4001 1418 4068 duc
1439 4005 1635 4091 balantum,-

437 4105 564 4168 conlert
588 4103 820 4170 adminiculum.
1114 4101 1186 4168 coeli
1211 4104 1327 4170 ductor
1349 4106 1468 4173 inclite.

479 4289 526 4344 lls.
546 4305 580 4342 au
599 4286 766 4357 Franklurt,
791 4287 842 4343 No.
860 4289 903 4342 3¹.
924 4285 973 4343 fot
992 4290 1053 4342 319.
1080 4303 1131 4342 aus
1150 4289 1211 4342 dem
1232 4291 1264 4342 15
1282 4289 1379 4345 Jahrlr.
1423 4291 1481 4346 llas
1499 4291 1568 4349 tien
1587 4299 1691 4357 worda

391 4374 629 4430 wahrseheinliclr
648 4373 695 4429 fiir
718 4375 761 4429 die
779 4373 1041 4429 Leonlrardskirclrc
1063 4391 1097 4428 zu
1115 4372 1270 4430 l'ranlrl'urt
1292 4378 1423 4448 gemacht
1449 4379 1517 4434 oder
1541 4382 1624 4437 daria
1642 4401 1697 4455 ge-

394 4460 521 4517 braucht.
563 4461 619 4516 Das
637 4460 706 4516 tien
723 4461 773 4515 hat
791 4457 985 4516 franaosische
1003 4461 1094 4516 Form.

479 4603 512 4655 19
530 4601 714 4668 laborantem,
735 4565 783 4654 lla.
818 4601 854 4654 20
873 4599 1036 4672 despiranti,
1054 4601 1102 4655 lla.
1139 4604 1174 4655 29
1192 4602 1240 4657 nbi
1260 4602 1367 4674 digana,
1386 4604 1433 4659 lls.
1469 4605 1625 4676 casparo,
1645 4605 1697 4661 lls.

479 4737 512 4790 V.
530 4740 572 4792 tr.
600 4738 697 4808 thyma
715 4737 867 4809 balantum,
886 4740 930 4795 die
948 4740 1053 4796 Waide
1071 4740 1121 4796 der
1140 4739 1253 4799 Schal'e.

475 4909 637 4982 Fulgentes
661 4915 787 4969 teutsche
818 4915 886 4970 Lied
909 4916 1020 4972 enthfilt
1040 4932 1094 4971 nnr
1117 4914 1225 4986 Bitten,
1256 4918 1339 4974 kalne
1363 4918 1547 4991 llinweisnng
1572 4917 1628 4974 anf
1640 4920 1695 4976 das

330 5055 333 5060 ,
390 4996 694 5142 ἓὲἒιοιιιιιέοἰὴῗὶἰιίςειι
714 5001 770 5056 wie
790 5001 833 5056 dis
852 5002 1043 5058 lateinischen.
1070 5003 1107 5058 Es
1125 5004 1202 5059 stelit
1218 5005 1247 5059 in
1260 5005 1312 5061 der
1324 5005 1493 5063 llfiuchener
1506 5007 1554 5062 Hs.
1567 5005 1645 5078 (lgm.
1656 5009 1695 5060 73
