3892 6025
353 804 466 888 Ignem
484 804 614 868 mittem
636 805 809 888 terrigenis
965 807 997 871 e.
1029 803 1112 871 ilinc
1134 803 1263 872 flumine
1286 825 1412 874 mersus

353 907 493 992 unguine
516 907 603 972 sacri
624 909 806 993 pneumatis
1032 915 1128 991 atque
1152 909 1259 992 capite
1282 912 1491 975 obtruncatus
1550 913 1591 975 25

354 1011 494 1075 invictos
516 1017 593 1094 post
615 1018 648 1075 te
670 1011 786 1076 milites
874 1013 913 1075 10
1032 1009 1180 1094 angulari
1204 1030 1239 1076 es
1262 1009 1371 1095 lapide
1392 1021 1573 1079 coronatus.

393 1116 554 1181 attraxisti
574 1123 753 1200 martyres,
877 1149 883 1164 ·
1033 1147 1090 1215 δὴ
1111 1150 1143 1216 i„
1167 1150 1257 1218 omlis
1275 1150 1408 1234 jmm

1031 1257 1094 1321 illis
1116 1258 1225 1340 ignitis
1247 1257 1409 1342 lapidibus

1033 1359 1154 1443 fulges,
1190 1362 1312 1446 praesul
1339 1369 1435 1446 stque
1458 1371 1591 1446 martyr,

1340 1465 1493 1530 ornatius.

287 1326 318 1389 Β.
350 1322 541 1402 entmundi
564 1324 693 1392 devicto
714 1327 862 1412 principe

354 1429 456 1494 stolas
507 1429 659 1495 laverunt
713 1431 791 1514 agni
836 1451 913 1497 san·

652 1550 765 1614 gntus,

353 1661 463 1748 Atque
485 1666 720 1752 triumphantes
743 1686 894 1752 superam
964 1653 1402 1739 ⁶·N11ss00f80P001's01ae
1548 1656 1590 1720 3⁰

352 1768 913 1856 insederuntcunpatnareginn.1s
965 1833 972 1844 ,
1032 1756 1113 1822 civiti
1133 1757 1367 1840 ³0r⁰⁸⁰lymae‚

1031 1862 1123 1928 solve
1146 1861 1294 1944 captivos
1316 1859 1515 1945 Babyloniae.

288 1982 318 2043 1.
349 1977 398 2043 De
421 1999 557 2063 quornm
578 1981 721 2065 collegio
879 1976 882 1982 ⁵
1033 1999 1102 2064 Tuo
1125 2017 1185 2064 nos
1207 1998 1327 2064 anxilio

354 2082 466 2146 mortis
487 2082 596 2148 clarus
616 2084 745 2168 poterin
1031 2103 1114 2168 educ
1137 2103 1178 2167 de
1202 2102 1299 2167 exitio

349 2181 520 2267 jubilando
543 2203 629 2251 nnnc
650 2185 834 2252 dulcissime
1031 2205 1118 2278 felici
1140 2205 1218 2270 felix
1239 2203 1460 2287 gaudimoni03
1548 2203 1590 2264 35

354 2289 554 2365 sabbatizas,
575 2287 666 2354 Biasi
687 2291 898 2356 suethans.
1411 2341 1413 2348 ι

870 2427 912 2491 20
964 2399 994 2459 t.
1028 2391 1099 2470 Quo
1122 2413 1207 2458 nnnc
1230 2412 1312 2457 avoco
1336 2411 1375 2457 nc
1399 2393 1546 2458 sensibus

354 2423 503 2507 Caiefflssr
527 2429 729 2508 ⁰³¹⁰²s¹b¹¹¹’
1029 2495 1092 2560 tuis
1115 2494 1271 2560 instantes
1294 2494 1442 2560 laudibus

355 2529 495 2594 fustibus
516 2537 551 2594 et
572 2532 751 2614 pectinibus

353 2636 525 2717 probatus,
547 2641 584 2698 ut
606 2654 719 2700 surum
740 2637 891 2714 fornace,
1029 2630 1109 2696 Post
1130 2637 1247 2696 metam
1269 2632 1346 2695 vitae
1369 2630 1475 2697 labilis

352 2735 458 2800 victor
477 2735 551 2799 culi
574 2754 728 2802 coruscas
750 2737 782 2800 in
806 2757 891 2804 arce.
1031 2735 1089 2802 tibi
1106 2735 1283 2820 jungamur
1306 2736 1336 2799 in
1360 2735 1459 2800 coelis.

381 2921 428 2977 Hs.
455 2937 491 2974 uu
514 2919 600 2976 (irata
624 2919 688 2991 taso
710 2917 762 2973 ties
784 2921 819 2972 12
835 2917 933 2974 tasin
960 2919 1032 2989 (A),
1059 2917 1109 2974 urit
1128 2918 1258 2974 Nesmeu.
1294 2917 1341 2972 iis.
1360 2934 1393 2971 an
1412 2916 1441 2972 S.
1459 2917 1544 2974 Peter
1563 2918 1591 2974 in

290 3009 433 3081 Salzbnrg
451 3007 498 3078 ΙΧ,
517 3010 559 3061 11.
577 3007 628 3063 des
647 3009 681 3061 12
697 3005 797 3063 Jsbrb.
815 3005 879 3077 (Β)

376 3112 562 3185 tpmcipun
587 3112 619 3167 Β.
668 3110 759 3182 iqui
782 3110 845 3166 deb.
870 3112 928 3167 ΑΒ.
978 3112 1068 3169 obst
1085 3112 1108 3169 Β
1127 3111 1208 3167 einen
1225 3110 1340 3167 Absatz.
1393 3112 1427 3165 1⁰
1453 3120 1536 3183 poste
1555 3112 1588 3167 Β.

289 3205 324 3259 to
340 3203 370 3256 in
387 3199 408 3257 i.
427 3201 461 3256 de
479 3202 513 3256 sb
548 3202 582 3252 ta
600 3198 707 3269 potirio
725 3199 757 3254 Β.
794 3199 828 3253 18
845 3198 990 3254 dulcisone
1008 3199 1040 3253 Β.
1069 3200 1103 3253 1e
1119 3198 1280 3254 substinens
1294 3201 1328 3255 Α.
1354 3201 1387 3253 21
1403 3204 1431 3255 et
1448 3195 1590 3255 tentasti.

288 3291 324 3345 22
340 3287 370 3342 in
387 3283 461 3344 forn.
478 3285 536 3341 ΑΒ.
571 3288 607 3339 22
625 3284 672 3341 hic
689 3286 723 3341 Α.
756 3285 793 3338 29
810 3290 841 3341 et
857 3284 913 3341 ΑΒ
948 3287 984 3340 33
1003 3302 1059 3356 quo
1078 3282 1097 3339 1.
1115 3290 1165 3342 tuo
1184 3286 1218 3339 Α.
1254 3286 1289 3341 36
1307 3300 1424 3357 quoram
1442 3300 1513 3341 voce
1532 3285 1563 3341 Β.

772 3534 860 3609 856.
889 3534 948 3607 De
973 3531 1106 3608 eodem.

540 3720 566 3786 0
589 3730 701 3788 sancte
722 3720 830 3802 Blasi‚
856 3720 946 3805 plebi
967 3730 1033 3786 tuse
1056 3722 1192 3786 subveni

539 3833 573 3890 et
595 3844 654 3897 not
677 3828 719 3892 sb
741 3825 837 3890 boote
857 3808 1064 3889 defendendo
1086 3832 1243 3909 protege,

539 3930 650 4013 sicque
673 3929 792 3995 devote
813 3928 1007 3994 famulantes
1029 3927 1141 4011 effice,
1246 3958 1250 3966 ·

538 4044 575 4101 ut
597 4036 655 4101 tibi
673 4044 818 4100 nocuum
839 4033 971 4119 placeat
993 4033 1190 4117 obseqnnu.

537 4206 817 4274 inconstantem
843 4205 990 4275 ordinem
1018 4207 1247 4289 monasticum,

538 4328 692 4377 succurre
718 4311 809 4376 clerc
836 4320 870 4375 et
896 4310 1040 4395 gementi
1065 4311 1206 4394 populo,

536 4416 701 4500 principes
729 4413 812 4480 doce
838 4415 958 4479 sectari
982 4412 1140 4498 justitiam

536 4526 571 4584 et
594 4518 688 4583 simul
716 4526 816 4583 totam
843 4526 991 4583 sustenta
1017 4518 1197 4593 ecclesiam.

535 4688 588 4756 Sit
616 4690 751 4757 trinitati
777 4692 975 4777 sempiterna
1003 4692 1124 4775 gioria,

535 4796 655 4878 bonor,
691 4804 837 4879 potestas
865 4804 963 4879 atque
986 4796 1156 4881 jubilatio,

535 4901 570 4964 in
596 4900 718 4966 unitate
746 4902 798 4966 cni
824 4908 932 4967 manet
958 4900 1126 4985 imperinm

537 5025 580 5071 ex
608 5014 684 5071 tunc
712 5014 746 5071 ct
772 5004 869 5073 modo
895 5026 956 5091 per
985 5012 1108 5071 aeterna
1135 5005 1267 5071 saecula.
