3892 6025
555 859 709 923 Malthace
732 866 852 934 sancte,
874 857 950 920 bino
972 854 1100 937 pollens
1124 872 1273 933 munere,

555 962 674 1026 sedulis
697 962 807 1026 Jesum
831 958 1003 1042 interpella
1026 956 1192 1040 precibus,

555 1077 589 1131 ut
612 1084 671 1130 nos
694 1066 725 1128 in
748 1062 857 1129 mundi
880 1064 1041 1145 gubernet
1063 1059 1256 1141 turbinibus,

552 1190 593 1235 ne
615 1177 691 1253 post
713 1176 854 1231 aeternus
877 1169 1010 1230 sorbeat
1032 1163 1189 1226 interitus.

553 1342 654 1408 Beate
678 1339 789 1405 Simon
812 1347 845 1403 et
869 1336 1034 1401 Thaddaee
1056 1334 1181 1418 inclite,

556 1446 678 1511 cernite
698 1452 827 1507 nostros
849 1443 988 1523 gemitus
1011 1458 1082 1505 cnm
1104 1437 1248 1519 fletibus,

555 1550 672 1630 quique
694 1547 904 1630 perlapsum
927 1562 1148 1627 promeremur
1171 1542 1373 1624 barathrum,

556 1668 698 1735 pervus
721 1649 875 1714 ooelorum
897 1666 1079 1709 mereamur
1101 1646 1229 1709 aditum.

555 1824 692 1889 Matthia
711 1822 800 1905 juste
824 1820 975 1884 duodeno
998 1818 1079 1880 solio

557 1927 704 1990 residens
727 1932 830 2005 sorte,
853 1941 913 1987 nos
933 1942 951 1985 a
975 1922 1097 1985 cunctis
1120 1922 1256 1985 nexibus

556 2031 648 2093 solve
670 2028 816 2112 peccati,
839 2046 929 2089 verae
953 2025 1034 2087 lucis
1057 2023 1184 2105 gaudiis

557 2150 620 2213 quo
643 2128 845 2213 perfruamur
864 2126 926 2191 tuis
950 2126 1069 2189 sanctis
1093 2125 1252 2207 precibus.
1305 2172 1311 2177 .

554 2302 689 2384 Annus,
713 2299 857 2383 Christe,
876 2302 1075 2366 saeculorum
1094 2300 1237 2381 domine,

560 2407 652 2471 nobis
674 2426 735 2489 per
757 2405 871 2469 horum
893 2406 951 2469 tibi
974 2424 1051 2469 cara
1073 2404 1204 2484 merita,

557 2518 593 2575 ut
616 2510 668 2591 qui
692 2517 724 2573 te
747 2527 855 2573 coram
880 2509 1027 2590 graviter
1049 2507 1251 2589 deliquimus,

559 2614 672 2678 horum
696 2612 860 2677 solvamur
882 2612 1036 2694 gloriosis
1057 2614 1217 2697 precibus.

558 2784 678 2867 Salva,
701 2774 904 2867 redemptor,
928 2792 1016 2848 tuum
1038 2786 1163 2867 plasma
1185 2786 1307 2865 nobile,

558 2890 716 2971 signalum
740 2896 852 2952 sancto
876 2890 921 2951 tui
947 2888 1053 2952 vultus
1075 2888 1207 2969 lumine,

558 3013 599 3056 ne
622 2992 760 3064 lacerari
782 2990 868 3055 sinas
891 2990 1006 3055 hande
1028 2989 1221 3073 daemonum,

558 3105 694 3180 propter
717 3114 798 3178 quos
820 3097 931 3160 mortis
955 3096 1125 3160 exsolvisti
1146 3097 1294 3180 pretinm.
1385 3095 1388 3100 ’

558 3269 641 3333 Dolo
665 3269 814 3352 captivos
838 3288 912 3331 esse
936 3246 1009 3332 tuos
1033 3271 1185 3351 lamnlos,

559 3372 695 3436 absolve
717 3389 806 3451 reos,
831 3370 1031 3454 compeditos
1055 3374 1163 3454 erige,

559 3482 592 3537 et
615 3492 697 3556 quos
720 3489 835 3538 cruore
860 3471 1026 3536 redemisti
1048 3475 1197 3557 proprio,

559 3597 618 3640 rex
641 3579 740 3658 bone,
764 3583 868 3640 tecum
891 3576 944 3639 fao
967 3576 1112 3657 gaudere
1135 3579 1303 3662 perpetim.
1336 3582 1340 3588 ’

562 3747 612 3812 Sit
634 3750 707 3830 tibi,
729 3749 846 3832 dhesu,
866 3750 1035 3814 benedicte
1059 3749 1203 3831 domine,

559 3853 679 3934 gloria,
703 3853 818 3932 virtus,
842 3852 946 3917 honor
969 3861 1003 3916 et
1020 3853 1187 3936 imperium

559 3977 716 4021 unacum
739 3965 832 4040 patro
855 3965 1034 4040 sanctoque
1057 3957 1231 4041 parachto,

561 4079 631 4124 cum
655 4061 770 4141 quihus
793 4076 912 4141 regnas
935 4060 1016 4123 dens
1039 4069 1113 4125 snte
1136 4059 1265 4124 saecula.

439 4241 486 4296 lls.
511 4260 545 4296 uu
571 4241 712 4312 Bamherg
736 4241 784 4296 Ed
807 4241 871 4310 Vll,
894 4246 937 4298 27.
962 4243 1012 4298 des
1038 4247 1071 4297 15
1094 4243 1195 4300 Jahrh.
1220 4246 1276 4314 (Α)
1302 4245 1412 4300 enthalt
1435 4245 1480 4300 die
1505 4246 1538 4300 V.
1559 4247 1653 4301 1-so.

350 4329 397 4384 lis.
416 4328 542 4384 daselbst
559 4329 607 4384 Ed
626 4328 689 4396 Vll,
707 4331 750 4384 36.
775 4329 823 4384 des
848 4333 881 4383 15
900 4331 999 4385 Jahrh.
1023 4332 1078 4400 (B)
1106 4329 1215 4387 enthdlt
1238 4329 1383 4385 dieselben
1406 4330 1503 4386 Versa
1539 4334 1586 4388 lis
1605 4333 1653 4387 da-

350 4414 440 4472 selbst
456 4415 506 4470 Ed.
524 4415 580 4484 Vll,
598 4419 641 4470 35.
660 4416 709 4471 des
730 4419 762 4470 15
780 4417 878 4472 Jahrh.
897 4418 950 4486 (0)
972 4417 1082 4471 enthilt
1099 4417 1132 4472 V.
1150 4420 1264 4472 ar-ss.
1301 4417 1348 4473 lls.
1366 4435 1402 4473 uu
1419 4417 1504 4474 oran
1521 4419 1585 4489 llll?
1603 4419 1653 4474 des

350 4504 384 4555 12
402 4501 501 4557 Jahrh.
518 4502 574 4572 (D)
603 4503 653 4557 hut
671 4504 747 4558 5-8.
775 4505 901 4557 :tr-to.
929 4504 973 4558 als
1001 4503 1082 4558 einen
1109 4503 1267 4558 besondern
1294 4505 1420 4576 Hymnus
1443 4505 1479 4559 de
1502 4505 1654 4562 edocebo

350 4588 484 4659 apostole
505 4589 541 4644 sd
559 4607 707 4661 vesperas,
725 4591 776 4646 mit
793 4591 886 4648 dieser
903 4588 1080 4662 horologio:

386 4674 432 4730 Sit
449 4675 569 4732 trinitati
587 4679 757 4749 sempiterna
774 4677 884 4749 gloria,
1026 4676 1055 4730 in
1074 4677 1181 4733 unitate
1200 4677 1244 4732 cui
1261 4687 1355 4735 manet
1372 4668 1518 4749 imperium

387 4763 492 4832 honor,
510 4771 638 4834 potestas
657 4771 740 4836 atque
754 4763 905 4836 jubilatio,
954 4795 957 4802 ι
1005 4779 1062 4818 ‹ex
1078 4768 1143 4820 tune
1160 4771 1191 4821 et
1207 4767 1290 4821 modo
1308 4781 1361 4836 per
1379 4770 1487 4820 aeterna
1505 4767 1617 4821 saecula.

438 4867 569 4923 Disselbe
587 4868 634 4922 lis.
652 4869 762 4923 enthdlt
780 4867 811 4921 V.
832 4868 942 4922 lr-so.
961 4867 1074 4923 di-ld.
1100 4868 1152 4923 mit
1174 4868 1225 4923 der
1248 4867 1404 4924 nimlichen
1422 4869 1583 4940 lloxologis
1607 4868 1652 4922 uls

350 4953 432 5009 einen
457 4955 617 5010 besonderu
642 4954 767 5024 llymnus
792 4951 846 5010 aus
866 4953 919 5010 den
943 4954 971 5008 h.
995 4953 1221 5010 carmotensis
1257 4954 1308 5010 his
1324 4956 1373 5011 lla
1391 4971 1449 5012 von
1468 4957 1497 5013 S.
1515 4956 1600 5011 Peter
1618 4974 1652 5012 nu

351 5040 508 5096 Karlsrnhe
531 5042 585 5096 No.
606 5041 639 5094 16
667 5040 717 5095 des
737 5043 770 5093 15
788 5041 886 5098 lauru
910 5041 965 5112 (li)
992 5041 1056 5113 giht
1080 5041 1125 5096 die
1147 5041 1181 5096 V.
1205 5044 1329 5098 29-32.
1353 5043 1478 5097 sr-to
1507 5041 1551 5098 sds
1569 5042 1653 5098 einen
