<?xml version="1.0" encoding="UTF-8"?>
<!DOCTYPE html PUBLIC "-//W3C//DTD XHTML 1.0 Transitional//EN"
    "http://www.w3.org/TR/xhtml1/DTD/xhtml1-transitional.dtd">
<html xmlns="http://www.w3.org/1999/xhtml" xml:lang="en" lang="en">
 <head>
  <title>
</title>
<meta http-equiv="Content-Type" content="text/html;charset=utf-8" />
  <meta name='ocr-system' content='tesseract 3.04.00' />
  <meta name='ocr-capabilities' content='ocr_page ocr_carea ocr_par ocr_line ocrx_word'/>
</head>
<body>
  <div class='ocr_page' id='page_1' title='image "./hymnilatinimedi00monegoog/hymnilatinimedi00monegoog_0376.png"; bbox 0 0 3892 6025; ppageno 0'>
   <div class='ocr_carea' id='block_1_1' title="bbox 292 839 805 1236">
    <p class='ocr_par' dir='ltr' id='par_1_1' title="bbox 372 839 745 924">
     <span class='ocr_line' id='line_1_1' title="bbox 372 839 745 924; baseline -0.032 -11"><span class='ocrx_word' id='word_1_1' title='bbox 372 846 448 914; x_wconf 82' lang='lat' dir='ltr'>Ave</span> <span class='ocrx_word' id='word_1_2' title='bbox 475 845 598 909; x_wconf 82' lang='lat' dir='ltr'>decora</span> <span class='ocrx_word' id='word_1_3' title='bbox 618 839 745 924; x_wconf 88' lang='lat' dir='ltr'>specie,</span> 
     </span>
    </p>

    <p class='ocr_par' dir='ltr' id='par_1_2' title="bbox 292 944 737 1028">
     <span class='ocr_line' id='line_1_2' title="bbox 292 944 737 1028; baseline -0.022 -12"><span class='ocrx_word' id='word_1_4' title='bbox 292 975 296 982; x_wconf 89' lang='lat'>·</span> <span class='ocrx_word' id='word_1_5' title='bbox 374 951 462 1016; x_wconf 83' lang='lat' dir='ltr'>sulus</span> <span class='ocrx_word' id='word_1_6' title='bbox 485 948 583 1013; x_wconf 90' lang='lat' dir='ltr'>totius</span> <span class='ocrx_word' id='word_1_7' title='bbox 604 944 737 1028; x_wconf 67' lang='lat' dir='ltr'>gratiae,</span> 
     </span>
    </p>

    <p class='ocr_par' dir='ltr' id='par_1_3' title="bbox 374 1043 805 1236">
     <span class='ocr_line' id='line_1_3' title="bbox 375 1043 805 1129; baseline -0.028 -12"><span class='ocrx_word' id='word_1_8' title='bbox 375 1054 417 1117; x_wconf 88' lang='lat' dir='ltr'>du</span> <span class='ocrx_word' id='word_1_9' title='bbox 440 1051 529 1129; x_wconf 88' lang='lat' dir='ltr'>mihi,</span> <span class='ocrx_word' id='word_1_10' title='bbox 551 1056 655 1114; x_wconf 83' lang='lat' dir='ltr'>muter</span> <span class='ocrx_word' id='word_1_11' title='bbox 675 1043 805 1127; x_wconf 77' lang='lat' dir='ltr'>gratiae,</span> 
     </span>
     <span class='ocr_line' id='line_1_4' title="bbox 374 1149 722 1236; baseline -0.023 -17"><span class='ocrx_word' id='word_1_12' title='bbox 374 1156 526 1219; x_wconf 90' lang='lat' dir='ltr'>virtutem</span> <span class='ocrx_word' id='word_1_13' title='bbox 547 1149 722 1236; x_wconf 75' lang='lat' dir='ltr'>patientiae.</span> 
     </span>
    </p>
   </div>
   <div class='ocr_carea' id='block_1_2' title="bbox 374 1337 868 1728">
    <p class='ocr_par' dir='ltr' id='par_1_4' title="bbox 374 1337 789 1529">
     <span class='ocr_line' id='line_1_5' title="bbox 374 1337 738 1422; baseline -0.03 -13"><span class='ocrx_word' id='word_1_14' title='bbox 374 1341 451 1409; x_wconf 89' lang='lat' dir='ltr'>Ave</span> <span class='ocrx_word' id='word_1_15' title='bbox 473 1341 534 1406; x_wconf 83' lang='lat' dir='ltr'>llos</span> <span class='ocrx_word' id='word_1_16' title='bbox 556 1337 738 1422; x_wconf 81' lang='lat' dir='ltr'>pudicitiae,</span> 
     </span>
     <span class='ocr_line' id='line_1_6' title="bbox 374 1437 789 1529; baseline -0.031 -18"><span class='ocrx_word' id='word_1_17' title='bbox 374 1451 487 1529; x_wconf 84' lang='lat' dir='ltr'>optata</span> <span class='ocrx_word' id='word_1_18' title='bbox 511 1439 569 1504; x_wconf 87' lang='lat' dir='ltr'>des</span> <span class='ocrx_word' id='word_1_19' title='bbox 593 1437 789 1516; x_wconf 83' lang='lat' dir='ltr'>clementiae,</span> 
     </span>
    </p>

    <p class='ocr_par' dir='ltr' id='par_1_5' title="bbox 374 1538 868 1728">
     <span class='ocr_line' id='line_1_7' title="bbox 375 1538 792 1627; baseline -0.029 -16"><span class='ocrx_word' id='word_1_20' title='bbox 375 1555 408 1611; x_wconf 91' lang='lat' dir='ltr'>te</span> <span class='ocrx_word' id='word_1_21' title='bbox 431 1561 543 1627; x_wconf 85' lang='lat' dir='ltr'>quaeso</span> <span class='ocrx_word' id='word_1_22' title='bbox 566 1558 670 1625; x_wconf 87' lang='lat' dir='ltr'>pronu</span> <span class='ocrx_word' id='word_1_23' title='bbox 692 1538 792 1618; x_wconf 83' lang='lat' dir='ltr'>lucie,</span> 
     </span>
     <span class='ocr_line' id='line_1_8' title="bbox 374 1641 868 1728; baseline -0.01 -15"><span class='ocrx_word' id='word_1_24' title='bbox 374 1649 426 1714; x_wconf 86' lang='lat' dir='ltr'>fer</span> <span class='ocrx_word' id='word_1_25' title='bbox 448 1647 565 1711; x_wconf 91' lang='lat' dir='ltr'>donum</span> <span class='ocrx_word' id='word_1_26' title='bbox 584 1641 791 1728; x_wconf 71' lang='lat' dir='ltr'>poenitentioe.</span> <span class='ocrx_word' id='word_1_27' title='bbox 864 1701 868 1708; x_wconf 88' lang='lat'><strong>.</strong></span> 
     </span>
    </p>
   </div>
   <div class='ocr_carea' id='block_1_3' title="bbox 375 1819 1000 2219">
    <p class='ocr_par' dir='ltr' id='par_1_6' title="bbox 375 1819 1000 2219">
     <span class='ocr_line' id='line_1_9' title="bbox 375 1819 1000 1908; baseline -0.019 -16"><span class='ocrx_word' id='word_1_28' title='bbox 375 1824 452 1893; x_wconf 83' lang='lat' dir='ltr'>Ave</span> <span class='ocrx_word' id='word_1_29' title='bbox 475 1827 575 1891; x_wconf 83' lang='lat' dir='ltr'>decus</span> <span class='ocrx_word' id='word_1_30' title='bbox 598 1824 762 1908; x_wconf 74' lang='lat' dir='ltr'><strong>puellare,</strong></span> <span class='ocrx_word' id='word_1_31' title='bbox 958 1819 1000 1880; x_wconf 80' lang='lat'>25</span> 
     </span>
     <span class='ocr_line' id='line_1_10' title="bbox 375 1930 936 2016; baseline -0.016 -21"><span class='ocrx_word' id='word_1_32' title='bbox 375 1945 523 2016; x_wconf 75' lang='lat' dir='ltr'>praeseus</span> <span class='ocrx_word' id='word_1_33' title='bbox 547 1930 611 1994; x_wconf 89' lang='lat' dir='ltr'>hoo</span> <span class='ocrx_word' id='word_1_34' title='bbox 633 1944 805 2010; x_wconf 84' lang='lat' dir='ltr'>compesce</span> <span class='ocrx_word' id='word_1_35' title='bbox 828 1942 936 2004; x_wconf 84' lang='lat' dir='ltr'>mare,</span> 
     </span>
     <span class='ocr_line' id='line_1_11' title="bbox 377 2030 936 2119; baseline -0.016 -20"><span class='ocrx_word' id='word_1_36' title='bbox 377 2052 441 2119; x_wconf 85' lang='lat' dir='ltr'>quo</span> <span class='ocrx_word' id='word_1_37' title='bbox 464 2053 516 2097; x_wconf 90' lang='lat' dir='ltr'>me</span> <span class='ocrx_word' id='word_1_38' title='bbox 539 2031 633 2095; x_wconf 89' lang='lat' dir='ltr'>vides</span> <span class='ocrx_word' id='word_1_39' title='bbox 655 2030 830 2109; x_wconf 83' lang='lat' dir='ltr'>fluctuare,</span> <span class='ocrx_word' id='word_1_40' title='bbox 932 2057 936 2063; x_wconf 54' lang='grc'><em>»</em></span> 
     </span>
     <span class='ocr_line' id='line_1_12' title="bbox 377 2133 840 2219; baseline -0.017 -17"><span class='ocrx_word' id='word_1_41' title='bbox 377 2139 432 2202; x_wconf 83' lang='lat' dir='ltr'>lac</span> <span class='ocrx_word' id='word_1_42' title='bbox 454 2137 496 2201; x_wconf 85' lang='lat' dir='ltr'>ad</span> <span class='ocrx_word' id='word_1_43' title='bbox 517 2142 648 2219; x_wconf 90' lang='lat' dir='ltr'>portum</span> <span class='ocrx_word' id='word_1_44' title='bbox 669 2133 840 2214; x_wconf 75' lang='lat' dir='ltr'>remigare.</span> 
     </span>
    </p>
   </div>
   <div class='ocr_carea' id='block_1_4' title="bbox 377 2313 1005 2599">
    <p class='ocr_par' dir='ltr' id='par_1_7' title="bbox 377 2313 1005 2599">
     <span class='ocr_line' id='line_1_13' title="bbox 377 2313 791 2392; baseline -0.019 -8"><span class='ocrx_word' id='word_1_45' title='bbox 377 2316 454 2385; x_wconf 86' lang='lat' dir='ltr'>Ave</span> <span class='ocrx_word' id='word_1_46' title='bbox 478 2316 531 2380; x_wconf 88' lang='lat' dir='ltr'>dei</span> <span class='ocrx_word' id='word_1_47' title='bbox 553 2333 612 2379; x_wconf 85' lang='lat' dir='ltr'>vas</span> <span class='ocrx_word' id='word_1_48' title='bbox 636 2313 791 2392; x_wconf 86' lang='lat' dir='ltr'>electum,</span> 
     </span>
     <span class='ocr_line' id='line_1_14' title="bbox 379 2415 1005 2502; baseline -0.011 -17"><span class='ocrx_word' id='word_1_49' title='bbox 379 2425 460 2486; x_wconf 90' lang='lat' dir='ltr'>ebur</span> <span class='ocrx_word' id='word_1_50' title='bbox 478 2421 613 2502; x_wconf 83' lang='lat' dir='ltr'>siguum</span> <span class='ocrx_word' id='word_1_51' title='bbox 635 2421 718 2483; x_wconf 85' lang='lat' dir='ltr'>bene</span> <span class='ocrx_word' id='word_1_52' title='bbox 743 2425 881 2497; x_wconf 88' lang='lat' dir='ltr'>sectum,</span> <span class='ocrx_word' id='word_1_53' title='bbox 962 2415 1005 2478; x_wconf 80' lang='lat'>30</span> 
     </span>
     <span class='ocr_line' id='line_1_15' title="bbox 379 2521 862 2599; baseline -0.014 -9"><span class='ocrx_word' id='word_1_54' title='bbox 379 2527 442 2590; x_wconf 87' lang='lat' dir='ltr'>iter</span> <span class='ocrx_word' id='word_1_55' title='bbox 465 2543 570 2587; x_wconf 89' lang='lat' dir='ltr'>meum</span> <span class='ocrx_word' id='word_1_56' title='bbox 592 2521 697 2586; x_wconf 77' lang='lat' dir='ltr'>formu</span> <span class='ocrx_word' id='word_1_57' title='bbox 719 2528 862 2599; x_wconf 88' lang='lat' dir='ltr'>rectum,</span> 
     </span>
    </p>
   </div>
   <div class='ocr_carea' id='block_1_5' title="bbox 260 2622 858 2709">
    <p class='ocr_par' dir='ltr' id='par_1_8' title="bbox 260 2622 858 2709">
     <span class='ocr_line' id='line_1_16' title="bbox 260 2622 858 2709; baseline -0.013 -14"><span class='ocrx_word' id='word_1_58' title='bbox 260 2628 262 2631; x_wconf 75' lang='grc'><strong>’</strong></span> <span class='ocrx_word' id='word_1_59' title='bbox 379 2636 416 2693; x_wconf 95' lang='lat' dir='ltr'>ut</span> <span class='ocrx_word' id='word_1_60' title='bbox 437 2625 587 2699; x_wconf 75' lang='lat' dir='ltr'><strong>incedam</strong></span> <span class='ocrx_word' id='word_1_61' title='bbox 609 2643 671 2709; x_wconf 91' lang='lat' dir='ltr'>per</span> <span class='ocrx_word' id='word_1_62' title='bbox 690 2622 858 2688; x_wconf 88' lang='lat' dir='ltr'>directum.</span> 
     </span>
    </p>
   </div>
   <div class='ocr_carea' id='block_1_6' title="bbox 378 2804 1007 3201">
    <p class='ocr_par' dir='ltr' id='par_1_9' title="bbox 380 2804 820 2989">
     <span class='ocr_line' id='line_1_17' title="bbox 380 2804 798 2888; baseline -0.017 -16"><span class='ocrx_word' id='word_1_63' title='bbox 380 2804 456 2873; x_wconf 80' lang='lat' dir='ltr'>Ave</span> <span class='ocrx_word' id='word_1_64' title='bbox 479 2804 571 2888; x_wconf 92' lang='lat' dir='ltr'>quies</span> <span class='ocrx_word' id='word_1_65' title='bbox 593 2804 798 2887; x_wconf 80' lang='lat' dir='ltr'><strong>punitorum,</strong></span> 
     </span>
     <span class='ocr_line' id='line_1_18' title="bbox 381 2904 820 2989; baseline -0.009 -18"><span class='ocrx_word' id='word_1_66' title='bbox 381 2908 584 2973; x_wconf 85' lang='lat' dir='ltr'>sublevatrix</span> <span class='ocrx_word' id='word_1_67' title='bbox 604 2904 820 2989; x_wconf 89' lang='lat' dir='ltr'>perditorum,</span> 
     </span>
    </p>

    <p class='ocr_par' dir='ltr' id='par_1_10' title="bbox 378 3008 1007 3201">
     <span class='ocr_line' id='line_1_19' title="bbox 382 3008 1007 3076; baseline -0.011 0"><span class='ocrx_word' id='word_1_68' title='bbox 382 3014 536 3076; x_wconf 86' lang='lat' dir='ltr'>miserere</span> <span class='ocrx_word' id='word_1_69' title='bbox 559 3008 751 3074; x_wconf 77' lang='lat' dir='ltr'>delictorum</span> <span class='ocrx_word' id='word_1_70' title='bbox 964 3008 1007 3070; x_wconf 80' lang='lat'>35</span> 
     </span>
     <span class='ocr_line' id='line_1_20' title="bbox 378 3113 870 3201; baseline -0.01 -21"><span class='ocrx_word' id='word_1_71' title='bbox 378 3117 449 3201; x_wconf 82' lang='lat' dir='ltr'>jum</span> <span class='ocrx_word' id='word_1_72' title='bbox 471 3133 615 3179; x_wconf 89' lang='lat' dir='ltr'>meorum</span> <span class='ocrx_word' id='word_1_73' title='bbox 637 3113 870 3179; x_wconf 83' lang='lat' dir='ltr'>defunctorum.</span> 
     </span>
    </p>
   </div>
   <div class='ocr_carea' id='block_1_7' title="bbox 383 3292 1009 3688">
    <p class='ocr_par' dir='ltr' id='par_1_11' title="bbox 383 3292 786 3361">
     <span class='ocr_line' id='line_1_21' title="bbox 383 3292 786 3361; baseline -0.01 -1"><span class='ocrx_word' id='word_1_74' title='bbox 383 3294 459 3361; x_wconf 81' lang='lat' dir='ltr'>Ave</span> <span class='ocrx_word' id='word_1_75' title='bbox 482 3294 570 3359; x_wconf 85' lang='lat' dir='ltr'>salus</span> <span class='ocrx_word' id='word_1_76' title='bbox 593 3292 786 3358; x_wconf 77' lang='lat' dir='ltr'>afflictorum</span> 
     </span>
    </p>

    <p class='ocr_par' dir='ltr' id='par_1_12' title="bbox 385 3396 883 3481">
     <span class='ocr_line' id='line_1_22' title="bbox 385 3396 883 3481; baseline -0.008 -17"><span class='ocrx_word' id='word_1_77' title='bbox 385 3409 418 3464; x_wconf 89' lang='lat' dir='ltr'>et</span> <span class='ocrx_word' id='word_1_78' title='bbox 440 3416 516 3481; x_wconf 87' lang='lat' dir='ltr'>spes</span> <span class='ocrx_word' id='word_1_79' title='bbox 539 3396 633 3461; x_wconf 81' lang='lat' dir='ltr'>firma</span> <span class='ocrx_word' id='word_1_80' title='bbox 654 3396 883 3478; x_wconf 80' lang='lat' dir='ltr'>contritorum,</span> 
     </span>
    </p>

    <p class='ocr_par' dir='ltr' id='par_1_13' title="bbox 384 3503 814 3567">
     <span class='ocr_line' id='line_1_23' title="bbox 384 3503 814 3567; baseline -0.005 0"><span class='ocrx_word' id='word_1_81' title='bbox 384 3503 448 3567; x_wconf 91' lang='lat' dir='ltr'>mei</span> <span class='ocrx_word' id='word_1_82' title='bbox 469 3520 593 3566; x_wconf 90' lang='lat' dir='ltr'>memor</span> <span class='ocrx_word' id='word_1_83' title='bbox 615 3511 648 3565; x_wconf 88' lang='lat' dir='ltr'>et</span> <span class='ocrx_word' id='word_1_84' title='bbox 669 3519 814 3565; x_wconf 89' lang='lat' dir='ltr'>meorum</span> 
     </span>
    </p>

    <p class='ocr_par' dir='ltr' id='par_1_14' title="bbox 386 3604 1009 3688">
     <span class='ocr_line' id='line_1_24' title="bbox 386 3604 1009 3688; baseline -0.005 -18"><span class='ocrx_word' id='word_1_85' title='bbox 386 3608 431 3671; x_wconf 88' lang='lat' dir='ltr'>sis</span> <span class='ocrx_word' id='word_1_86' title='bbox 454 3607 601 3670; x_wconf 84' lang='lat' dir='ltr'>vivorum</span> <span class='ocrx_word' id='word_1_87' title='bbox 623 3606 887 3688; x_wconf 87' lang='lat' dir='ltr'>propinquorum.</span> <span class='ocrx_word' id='word_1_88' title='bbox 967 3604 1009 3667; x_wconf 78' lang='lat' dir='ltr'>lo</span> 
     </span>
    </p>
   </div>
   <div class='ocr_carea' id='block_1_8' title="bbox 385 3786 886 4182">
    <p class='ocr_par' dir='ltr' id='par_1_15' title="bbox 385 3786 886 4182">
     <span class='ocr_line' id='line_1_25' title="bbox 385 3786 886 3872; baseline -0.006 -18"><span class='ocrx_word' id='word_1_89' title='bbox 385 3786 462 3854; x_wconf 87' lang='lat' dir='ltr'>Ave</span> <span class='ocrx_word' id='word_1_90' title='bbox 485 3788 595 3853; x_wconf 88' lang='lat' dir='ltr'>firmus</span> <span class='ocrx_word' id='word_1_91' title='bbox 617 3807 678 3872; x_wconf 89' lang='lat' dir='ltr'>pes</span> <span class='ocrx_word' id='word_1_92' title='bbox 701 3788 886 3872; x_wconf 82' lang='lat' dir='ltr'>lapsorum,</span> 
     </span>
     <span class='ocr_line' id='line_1_26' title="bbox 387 3892 834 3957; baseline -0.004 0"><span class='ocrx_word' id='word_1_93' title='bbox 387 3893 480 3957; x_wconf 87' lang='lat' dir='ltr'>solve</span> <span class='ocrx_word' id='word_1_94' title='bbox 503 3912 620 3956; x_wconf 84' lang='lat' dir='ltr'>nexum</span> <span class='ocrx_word' id='word_1_95' title='bbox 642 3892 834 3957; x_wconf 77' lang='lat' dir='ltr'>delictorum</span> 
     </span>
     <span class='ocr_line' id='line_1_27' title="bbox 388 3994 828 4077; baseline -0.005 -18"><span class='ocrx_word' id='word_1_96' title='bbox 388 4005 421 4059; x_wconf 89' lang='lat' dir='ltr'>et</span> <span class='ocrx_word' id='word_1_97' title='bbox 443 3994 565 4077; x_wconf 82' lang='lat' dir='ltr'>largire</span> <span class='ocrx_word' id='word_1_98' title='bbox 589 3994 828 4059; x_wconf 85' lang='lat' dir='ltr'>commodorum</span> 
     </span>
     <span class='ocr_line' id='line_1_28' title="bbox 387 4100 849 4182; baseline -0.009 -18"><span class='ocrx_word' id='word_1_99' title='bbox 387 4100 481 4165; x_wconf 89' lang='lat' dir='ltr'>nobis</span> <span class='ocrx_word' id='word_1_100' title='bbox 502 4100 631 4182; x_wconf 79' lang='lat' dir='ltr'>copiam</span> <span class='ocrx_word' id='word_1_101' title='bbox 653 4107 849 4163; x_wconf 86' lang='lat' dir='ltr'>cunctorum.</span> 
     </span>
    </p>
   </div>
   <div class='ocr_carea' id='block_1_9' title="bbox 388 4279 1012 4657">
    <p class='ocr_par' dir='ltr' id='par_1_16' title="bbox 388 4279 1012 4467">
     <span class='ocr_line' id='line_1_29' title="bbox 388 4279 1012 4366; baseline -0.005 -18"><span class='ocrx_word' id='word_1_102' title='bbox 388 4279 464 4348; x_wconf 84' lang='lat' dir='ltr'>Ave</span> <span class='ocrx_word' id='word_1_103' title='bbox 487 4283 604 4347; x_wconf 84' lang='lat' dir='ltr'>victrix</span> <span class='ocrx_word' id='word_1_104' title='bbox 622 4284 802 4366; x_wconf 78' lang='lat' dir='ltr'>logicorum</span> <span class='ocrx_word' id='word_1_105' title='bbox 970 4284 1012 4345; x_wconf 77' lang='lat'>45</span> 
     </span>
     <span class='ocr_line' id='line_1_30' title="bbox 389 4384 834 4467; baseline -0.002 -19"><span class='ocrx_word' id='word_1_106' title='bbox 389 4384 585 4467; x_wconf 83' lang='lat' dir='ltr'>militumque</span> <span class='ocrx_word' id='word_1_107' title='bbox 608 4386 834 4466; x_wconf 88' lang='lat' dir='ltr'>ducentorum,</span> 
     </span>
    </p>

    <p class='ocr_par' dir='ltr' id='par_1_17' title="bbox 388 4486 1004 4657">
     <span class='ocr_line' id='line_1_31' title="bbox 388 4486 1004 4571; baseline 0.003 -20"><span class='ocrx_word' id='word_1_108' title='bbox 388 4507 449 4571; x_wconf 89' lang='lat' dir='ltr'>per</span> <span class='ocrx_word' id='word_1_109' title='bbox 471 4495 504 4552; x_wconf 88' lang='lat' dir='ltr'>te</span> <span class='ocrx_word' id='word_1_110' title='bbox 524 4486 676 4553; x_wconf 77' lang='lat' dir='ltr'>&#39;Christus</span> <span class='ocrx_word' id='word_1_111' title='bbox 699 4505 780 4570; x_wconf 86' lang='lat' dir='ltr'>quos</span> <span class='ocrx_word' id='word_1_112' title='bbox 804 4488 846 4553; x_wconf 84' lang='lat' dir='ltr'>ad</span> <span class='ocrx_word' id='word_1_113' title='bbox 869 4489 1004 4554; x_wconf 81' lang='lat' dir='ltr'>chorum</span> 
     </span>
     <span class='ocr_line' id='line_1_32' title="bbox 389 4592 792 4657; baseline 0 -1"><span class='ocrx_word' id='word_1_114' title='bbox 389 4592 584 4656; x_wconf 83' lang='lat' dir='ltr'>convocavit</span> <span class='ocrx_word' id='word_1_115' title='bbox 605 4593 792 4657; x_wconf 89' lang='lat' dir='ltr'>electorum.</span> 
     </span>
    </p>
   </div>
   <div class='ocr_carea' id='block_1_10' title="bbox 390 4774 1013 4963">
    <p class='ocr_par' dir='ltr' id='par_1_18' title="bbox 390 4774 1013 4963">
     <span class='ocr_line' id='line_1_33' title="bbox 390 4774 791 4861; baseline 0 -20"><span class='ocrx_word' id='word_1_116' title='bbox 390 4774 467 4841; x_wconf 86' lang='lat' dir='ltr'>Ave</span> <span class='ocrx_word' id='word_1_117' title='bbox 489 4794 639 4861; x_wconf 82' lang='lat' dir='ltr'>propago</span> <span class='ocrx_word' id='word_1_118' title='bbox 662 4778 791 4861; x_wconf 88' lang='lat' dir='ltr'>nobilis,</span> 
     </span>
     <span class='ocr_line' id='line_1_34' title="bbox 390 4879 1013 4963; baseline 0.003 -19"><span class='ocrx_word' id='word_1_119' title='bbox 390 4887 515 4962; x_wconf 83' lang='lat' dir='ltr'>martyr</span> <span class='ocrx_word' id='word_1_120' title='bbox 537 4879 779 4963; x_wconf 86' lang='lat' dir='ltr'>insuperabilis,</span> <span class='ocrx_word' id='word_1_121' title='bbox 972 4884 1013 4947; x_wconf 81' lang='lat'>50</span> 
     </span>
    </p>
   </div>
   <div class='ocr_carea' id='block_1_11' title="bbox 1051 825 1502 995">
    <p class='ocr_par' dir='ltr' id='par_1_19' title="bbox 1051 825 1502 995">
     <span class='ocr_line' id='line_1_35' title="bbox 1051 825 1464 896; baseline -0.017 0"><span class='ocrx_word' id='word_1_122' title='bbox 1051 832 1104 896; x_wconf 85' lang='lat' dir='ltr'>luc</span> <span class='ocrx_word' id='word_1_123' title='bbox 1127 829 1227 894; x_wconf 85' lang='lat' dir='ltr'>hostis</span> <span class='ocrx_word' id='word_1_124' title='bbox 1250 833 1286 892; x_wconf 93' lang='lat' dir='ltr'>ut</span> <span class='ocrx_word' id='word_1_125' title='bbox 1308 825 1464 891; x_wconf 86' lang='lat' dir='ltr'>terribilis</span> 
     </span>
     <span class='ocr_line' id='line_1_36' title="bbox 1053 925 1502 995; baseline -0.018 0"><span class='ocrx_word' id='word_1_126' title='bbox 1053 930 1211 995; x_wconf 85' lang='lat' dir='ltr'>adversus</span> <span class='ocrx_word' id='word_1_127' title='bbox 1234 947 1286 994; x_wconf 88' lang='lat' dir='ltr'>ruo</span> <span class='ocrx_word' id='word_1_128' title='bbox 1308 928 1351 992; x_wconf 88' lang='lat' dir='ltr'>sit</span> <span class='ocrx_word' id='word_1_129' title='bbox 1373 925 1502 990; x_wconf 85' lang='lat' dir='ltr'>debilis.</span> 
     </span>
    </p>
   </div>
   <div class='ocr_carea' id='block_1_12' title="bbox 1052 1108 1687 1502">
    <p class='ocr_par' dir='ltr' id='par_1_20' title="bbox 1052 1108 1481 1195">
     <span class='ocr_line' id='line_1_37' title="bbox 1052 1108 1481 1195; baseline -0.023 -15"><span class='ocrx_word' id='word_1_130' title='bbox 1052 1111 1128 1180; x_wconf 80' lang='lat' dir='ltr'>Ave</span> <span class='ocrx_word' id='word_1_131' title='bbox 1151 1112 1264 1178; x_wconf 81' lang='lat' dir='ltr'>schole</span> <span class='ocrx_word' id='word_1_132' title='bbox 1286 1108 1481 1195; x_wconf 84' lang='lat' dir='ltr'>disciplinae,</span> 
     </span>
    </p>

    <p class='ocr_par' dir='ltr' id='par_1_21' title="bbox 1054 1210 1551 1292">
     <span class='ocr_line' id='line_1_38' title="bbox 1054 1210 1551 1292; baseline -0.016 -11"><span class='ocrx_word' id='word_1_133' title='bbox 1054 1217 1157 1283; x_wconf 91' lang='lat' dir='ltr'>dulcis</span> <span class='ocrx_word' id='word_1_134' title='bbox 1181 1214 1246 1279; x_wconf 87' lang='lat' dir='ltr'>dux</span> <span class='ocrx_word' id='word_1_135' title='bbox 1268 1219 1302 1277; x_wconf 90' lang='lat' dir='ltr'>et</span> <span class='ocrx_word' id='word_1_136' title='bbox 1324 1213 1380 1277; x_wconf 84' lang='lat' dir='ltr'>lux</span> <span class='ocrx_word' id='word_1_137' title='bbox 1402 1210 1551 1292; x_wconf 78' lang='lat' dir='ltr'>regines,</span> 
     </span>
    </p>

    <p class='ocr_par' dir='ltr' id='par_1_22' title="bbox 1054 1309 1687 1502">
     <span class='ocr_line' id='line_1_39' title="bbox 1055 1309 1687 1400; baseline -0.019 -19"><span class='ocrx_word' id='word_1_138' title='bbox 1055 1337 1125 1382; x_wconf 91' lang='lat' dir='ltr'>cum</span> <span class='ocrx_word' id='word_1_139' title='bbox 1149 1336 1212 1400; x_wconf 85' lang='lat' dir='ltr'>qna</span> <span class='ocrx_word' id='word_1_140' title='bbox 1236 1313 1347 1379; x_wconf 86' lang='lat' dir='ltr'>udstus</span> <span class='ocrx_word' id='word_1_141' title='bbox 1370 1311 1439 1374; x_wconf 87' lang='lat' dir='ltr'>sius</span> <span class='ocrx_word' id='word_1_142' title='bbox 1462 1309 1533 1374; x_wconf 88' lang='lat' dir='ltr'>fine</span> <span class='ocrx_word' id='word_1_143' title='bbox 1648 1310 1687 1369; x_wconf 82' lang='lat'>55</span> 
     </span>
     <span class='ocr_line' id='line_1_40' title="bbox 1054 1417 1390 1502; baseline -0.009 -17"><span class='ocrx_word' id='word_1_144' title='bbox 1054 1420 1150 1485; x_wconf 84' lang='lat' dir='ltr'>luciei</span> <span class='ocrx_word' id='word_1_145' title='bbox 1168 1419 1238 1502; x_wconf 84' lang='lat' dir='ltr'>jum</span> <span class='ocrx_word' id='word_1_146' title='bbox 1261 1417 1390 1482; x_wconf 82' lang='lat' dir='ltr'>diviuae.</span> 
     </span>
    </p>
   </div>
   <div class='ocr_carea' id='block_1_13' title="bbox 1053 1597 1764 1982">
    <p class='ocr_par' dir='ltr' id='par_1_23' title="bbox 1053 1597 1560 1888">
     <span class='ocr_line' id='line_1_41' title="bbox 1055 1597 1469 1682; baseline -0.019 -15"><span class='ocrx_word' id='word_1_147' title='bbox 1055 1603 1131 1668; x_wconf 88' lang='lat' dir='ltr'>Ave</span> <span class='ocrx_word' id='word_1_148' title='bbox 1154 1602 1259 1665; x_wconf 81' lang='lat' dir='ltr'>forma</span> <span class='ocrx_word' id='word_1_149' title='bbox 1282 1597 1469 1682; x_wconf 79' lang='lat' dir='ltr'>virginalis,</span> 
     </span>
     <span class='ocr_line' id='line_1_42' title="bbox 1053 1698 1560 1786; baseline -0.018 -16"><span class='ocrx_word' id='word_1_150' title='bbox 1053 1715 1136 1770; x_wconf 80' lang='lat' dir='ltr'>rotae</span> <span class='ocrx_word' id='word_1_151' title='bbox 1159 1703 1375 1786; x_wconf 87' lang='lat' dir='ltr'>contemptrix</span> <span class='ocrx_word' id='word_1_152' title='bbox 1397 1698 1560 1784; x_wconf 83' lang='lat' dir='ltr'>poenulis,</span> 
     </span>
     <span class='ocr_line' id='line_1_43' title="bbox 1054 1807 1405 1888; baseline -0.009 -14"><span class='ocrx_word' id='word_1_153' title='bbox 1054 1809 1107 1874; x_wconf 86' lang='lat' dir='ltr'>dei</span> <span class='ocrx_word' id='word_1_154' title='bbox 1130 1819 1164 1874; x_wconf 86' lang='lat' dir='ltr'>nt</span> <span class='ocrx_word' id='word_1_155' title='bbox 1185 1807 1306 1872; x_wconf 88' lang='lat' dir='ltr'>veluris</span> <span class='ocrx_word' id='word_1_156' title='bbox 1329 1807 1405 1888; x_wconf 84' lang='lat' dir='ltr'>ulis,</span> 
     </span>
    </p>

    <p class='ocr_par' dir='ltr' id='par_1_24' title="bbox 1054 1893 1764 1982">
     <span class='ocr_line' id='line_1_44' title="bbox 1054 1893 1764 1982; baseline -0.025 0"><span class='ocrx_word' id='word_1_157' title='bbox 1054 1935 1116 1982; x_wconf 90' lang='lat' dir='ltr'>uec</span> <span class='ocrx_word' id='word_1_158' title='bbox 1139 1913 1280 1979; x_wconf 81' lang='lat' dir='ltr'>turbaris</span> <span class='ocrx_word' id='word_1_159' title='bbox 1303 1911 1377 1976; x_wconf 87' lang='lat' dir='ltr'>ullis</span> <span class='ocrx_word' id='word_1_160' title='bbox 1399 1909 1504 1976; x_wconf 83' lang='lat' dir='ltr'>malis.</span> <span class='ocrx_word' id='word_1_161' title='bbox 1620 1917 1623 1924; x_wconf 84' lang='lat'>&#39;</span> <span class='ocrx_word' id='word_1_162' title='bbox 1647 1903 1686 1967; x_wconf 84' lang='grc'>60</span> <span class='ocrx_word' id='word_1_163' title='bbox 1763 1893 1764 1944; x_wconf 67' lang='lat' dir='ltr'>ff</span> 
     </span>
    </p>
   </div>
   <div class='ocr_carea' id='block_1_14' title="bbox 1054 2093 1607 2484">
    <p class='ocr_par' dir='ltr' id='par_1_25' title="bbox 1054 2093 1457 2172">
     <span class='ocr_line' id='line_1_45' title="bbox 1054 2093 1457 2172; baseline -0.027 -10"><span class='ocrx_word' id='word_1_164' title='bbox 1054 2094 1131 2162; x_wconf 88' lang='lat' dir='ltr'>Avo</span> <span class='ocrx_word' id='word_1_165' title='bbox 1153 2093 1332 2159; x_wconf 83' lang='lat' dir='ltr'>Kutheriua</span> <span class='ocrx_word' id='word_1_166' title='bbox 1354 2093 1457 2172; x_wconf 87' lang='lat' dir='ltr'>bonu,</span> 
     </span>
    </p>

    <p class='ocr_par' dir='ltr' id='par_1_26' title="bbox 1056 2190 1448 2279">
     <span class='ocr_line' id='line_1_46' title="bbox 1056 2190 1448 2279; baseline -0.026 -15"><span class='ocrx_word' id='word_1_167' title='bbox 1056 2207 1145 2264; x_wconf 85' lang='lat' dir='ltr'>tecta</span> <span class='ocrx_word' id='word_1_168' title='bbox 1167 2197 1282 2279; x_wconf 80' lang='lat' dir='ltr'>gloriae</span> <span class='ocrx_word' id='word_1_169' title='bbox 1305 2190 1448 2272; x_wconf 68' lang='lat' dir='ltr'>corone,</span> 
     </span>
    </p>

    <p class='ocr_par' dir='ltr' id='par_1_27' title="bbox 1057 2289 1607 2484">
     <span class='ocr_line' id='line_1_47' title="bbox 1057 2289 1607 2382; baseline -0.02 -17"><span class='ocrx_word' id='word_1_170' title='bbox 1057 2301 1120 2364; x_wconf 91' lang='lat' dir='ltr'>hoc</span> <span class='ocrx_word' id='word_1_171' title='bbox 1142 2307 1174 2362; x_wconf 89' lang='lat' dir='ltr'>te</span> <span class='ocrx_word' id='word_1_172' title='bbox 1197 2315 1332 2382; x_wconf 87' lang='lat' dir='ltr'>precor,</span> <span class='ocrx_word' id='word_1_173' title='bbox 1354 2289 1607 2372; x_wconf 87' lang='lat' dir='ltr'>donum&#39;douu,</span> 
     </span>
     <span class='ocr_line' id='line_1_48' title="bbox 1057 2400 1499 2484; baseline -0.02 -16"><span class='ocrx_word' id='word_1_174' title='bbox 1057 2404 1133 2468; x_wconf 88' lang='lat' dir='ltr'>mihi</span> <span class='ocrx_word' id='word_1_175' title='bbox 1156 2403 1217 2467; x_wconf 85' lang='lat' dir='ltr'>lias</span> <span class='ocrx_word' id='word_1_176' title='bbox 1240 2400 1327 2484; x_wconf 93' lang='lat' dir='ltr'>quod</span> <span class='ocrx_word' id='word_1_177' title='bbox 1349 2407 1499 2482; x_wconf 82' lang='lat' dir='ltr'>patrona.</span> 
     </span>
    </p>
   </div>
   <div class='ocr_carea' id='block_1_15' title="bbox 1058 2579 1512 2974">
    <p class='ocr_par' dir='ltr' id='par_1_28' title="bbox 1058 2579 1512 2974">
     <span class='ocr_line' id='line_1_49' title="bbox 1058 2579 1508 2666; baseline -0.027 -13"><span class='ocrx_word' id='word_1_178' title='bbox 1058 2585 1134 2654; x_wconf 82' lang='lat' dir='ltr'>Ave</span> <span class='ocrx_word' id='word_1_179' title='bbox 1157 2585 1253 2666; x_wconf 85' lang='lat' dir='ltr'>virgo</span> <span class='ocrx_word' id='word_1_180' title='bbox 1275 2580 1370 2644; x_wconf 83' lang='lat' dir='ltr'>lumae</span> <span class='ocrx_word' id='word_1_181' title='bbox 1392 2579 1508 2656; x_wconf 90' lang='lat' dir='ltr'>bouae,</span> 
     </span>
     <span class='ocr_line' id='line_1_50' title="bbox 1061 2682 1512 2770; baseline -0.031 -14"><span class='ocrx_word' id='word_1_182' title='bbox 1061 2693 1101 2756; x_wconf 80' lang='lat' dir='ltr'>ab</span> <span class='ocrx_word' id='word_1_183' title='bbox 1126 2688 1256 2770; x_wconf 84' lang='lat' dir='ltr'>antiquo</span> <span class='ocrx_word' id='word_1_184' title='bbox 1279 2705 1329 2750; x_wconf 88' lang='lat' dir='ltr'>mo</span> <span class='ocrx_word' id='word_1_185' title='bbox 1352 2682 1512 2768; x_wconf 85' lang='lat' dir='ltr'>praedoue</span> 
     </span>
     <span class='ocr_line' id='line_1_51' title="bbox 1061 2789 1422 2872; baseline -0.03 -12"><span class='ocrx_word' id='word_1_186' title='bbox 1061 2805 1095 2861; x_wconf 87' lang='lat' dir='ltr'>et</span> <span class='ocrx_word' id='word_1_187' title='bbox 1117 2815 1136 2858; x_wconf 88' lang='lat' dir='ltr'>u</span> <span class='ocrx_word' id='word_1_188' title='bbox 1158 2793 1262 2857; x_wconf 86' lang='lat' dir='ltr'>luctus</span> <span class='ocrx_word' id='word_1_189' title='bbox 1285 2789 1422 2872; x_wconf 84' lang='lat' dir='ltr'>regione</span> 
     </span>
     <span class='ocr_line' id='line_1_52' title="bbox 1061 2895 1482 2974; baseline -0.029 -9"><span class='ocrx_word' id='word_1_190' title='bbox 1061 2901 1154 2966; x_wconf 82' lang='lat' dir='ltr'>salva</span> <span class='ocrx_word' id='word_1_191' title='bbox 1175 2895 1287 2962; x_wconf 86' lang='lat' dir='ltr'>mortis</span> <span class='ocrx_word' id='word_1_192' title='bbox 1309 2895 1341 2960; x_wconf 94' lang='lat' dir='ltr'>in</span> <span class='ocrx_word' id='word_1_193' title='bbox 1365 2909 1482 2974; x_wconf 77' lang='lat' dir='ltr'>ugone.</span> 
     </span>
    </p>
   </div>
   <div class='ocr_carea' id='block_1_16' title="bbox 1060 3076 1523 3477">
    <p class='ocr_par' dir='ltr' id='par_1_29' title="bbox 1060 3076 1523 3477">
     <span class='ocr_line' id='line_1_53' title="bbox 1060 3076 1434 3150; baseline -0.035 -1"><span class='ocrx_word' id='word_1_194' title='bbox 1060 3082 1135 3150; x_wconf 82' lang='lat' dir='ltr'>Ave</span> <span class='ocrx_word' id='word_1_195' title='bbox 1159 3080 1276 3145; x_wconf 89' lang='lat' dir='ltr'>dilecto</span> <span class='ocrx_word' id='word_1_196' title='bbox 1301 3076 1434 3149; x_wconf 81' lang='lat' dir='ltr'>dilectu,</span> 
     </span>
     <span class='ocr_line' id='line_1_54' title="bbox 1062 3176 1515 3271; baseline -0.035 -18"><span class='ocrx_word' id='word_1_197' title='bbox 1062 3188 1154 3271; x_wconf 88' lang='lat' dir='ltr'>cujus</span> <span class='ocrx_word' id='word_1_198' title='bbox 1176 3192 1300 3265; x_wconf 85' lang='lat' dir='ltr'>martyr</span> <span class='ocrx_word' id='word_1_199' title='bbox 1322 3198 1359 3243; x_wconf 88' lang='lat' dir='ltr'>es</span> <span class='ocrx_word' id='word_1_200' title='bbox 1379 3176 1515 3255; x_wconf 84' lang='lat' dir='ltr'>ellectu,</span> 
     </span>
     <span class='ocr_line' id='line_1_55' title="bbox 1062 3282 1441 3368; baseline -0.04 -10"><span class='ocrx_word' id='word_1_201' title='bbox 1062 3293 1197 3358; x_wconf 78' lang='lat' dir='ltr'>caritate</span> <span class='ocrx_word' id='word_1_202' title='bbox 1220 3306 1270 3350; x_wconf 91' lang='lat' dir='ltr'>me</span> <span class='ocrx_word' id='word_1_203' title='bbox 1292 3282 1441 3368; x_wconf 82' lang='lat' dir='ltr'>perlecta</span> 
     </span>
     <span class='ocr_line' id='line_1_56' title="bbox 1061 3390 1523 3477; baseline -0.032 -17"><span class='ocrx_word' id='word_1_204' title='bbox 1061 3395 1164 3477; x_wconf 89' lang='lat' dir='ltr'>muni,</span> <span class='ocrx_word' id='word_1_205' title='bbox 1187 3390 1252 3455; x_wconf 82' lang='lat' dir='ltr'>fide</span> <span class='ocrx_word' id='word_1_206' title='bbox 1275 3404 1399 3472; x_wconf 79' lang='lat' dir='ltr'>speque</span> <span class='ocrx_word' id='word_1_207' title='bbox 1421 3390 1523 3447; x_wconf 82' lang='lat' dir='ltr'>recta.</span> 
     </span>
    </p>
   </div>
   <div class='ocr_carea' id='block_1_17' title="bbox 1061 3562 1764 3968">
    <p class='ocr_par' dir='ltr' id='par_1_30' title="bbox 1061 3562 1764 3968">
     <span class='ocr_line' id='line_1_57' title="bbox 1061 3562 1540 3641; baseline -0.035 0"><span class='ocrx_word' id='word_1_208' title='bbox 1061 3573 1138 3640; x_wconf 78' lang='lat' dir='ltr'>Ave</span> <span class='ocrx_word' id='word_1_209' title='bbox 1160 3592 1263 3637; x_wconf 78' lang='lat' dir='ltr'>verax</span> <span class='ocrx_word' id='word_1_210' title='bbox 1286 3569 1379 3635; x_wconf 83' lang='lat' dir='ltr'>testis</span> <span class='ocrx_word' id='word_1_211' title='bbox 1403 3562 1540 3641; x_wconf 85' lang='lat' dir='ltr'>Christi,</span> 
     </span>
     <span class='ocr_line' id='line_1_58' title="bbox 1062 3664 1764 3763; baseline -0.03 -21"><span class='ocrx_word' id='word_1_212' title='bbox 1062 3698 1124 3763; x_wconf 91' lang='lat' dir='ltr'>per</span> <span class='ocrx_word' id='word_1_213' title='bbox 1147 3693 1241 3758; x_wconf 90' lang='lat' dir='ltr'>quem</span> <span class='ocrx_word' id='word_1_214' title='bbox 1263 3672 1362 3735; x_wconf 85' lang='lat' dir='ltr'>vitum</span> <span class='ocrx_word' id='word_1_215' title='bbox 1385 3664 1552 3751; x_wconf 89' lang='lat' dir='ltr'>reperisti,</span> <span class='ocrx_word' id='word_1_216' title='bbox 1763 3746 1764 3751; x_wconf 5' lang='grc' dir='ltr'>ἵ</span> 
     </span>
     <span class='ocr_line' id='line_1_59' title="bbox 1064 3754 1764 3865; baseline -0.027 -21"><span class='ocrx_word' id='word_1_217' title='bbox 1064 3778 1210 3865; x_wconf 82' lang='lat' dir='ltr'>gaudeus</span> <span class='ocrx_word' id='word_1_218' title='bbox 1234 3774 1335 3838; x_wconf 82' lang='lat' dir='ltr'>coelos</span> <span class='ocrx_word' id='word_1_219' title='bbox 1357 3764 1592 3845; x_wconf 79' lang='lat' dir='ltr'>conscendisti,</span> <span class='ocrx_word' id='word_1_220' title='bbox 1643 3754 1679 3817; x_wconf 77' lang='lat'>⁷5</span> <span class='ocrx_word' id='word_1_221' title='bbox 1763 3800 1764 3825; x_wconf 54' lang='lat' dir='ltr'>i</span> 
     </span>
     <span class='ocr_line' id='line_1_60' title="bbox 1065 3872 1551 3968; baseline -0.027 -20"><span class='ocrx_word' id='word_1_222' title='bbox 1065 3880 1193 3968; x_wconf 84' lang='lat' dir='ltr'>quaudo</span> <span class='ocrx_word' id='word_1_223' title='bbox 1215 3887 1349 3945; x_wconf 85' lang='lat' dir='ltr'>mortem</span> <span class='ocrx_word' id='word_1_224' title='bbox 1372 3872 1551 3959; x_wconf 84' lang='lat' dir='ltr'>perdidisti</span> 
     </span>
    </p>
   </div>
   <div class='ocr_carea' id='block_1_18' title="bbox 1064 4060 1764 4455">
    <p class='ocr_par' dir='ltr' id='par_1_31' title="bbox 1064 4060 1764 4455">
     <span class='ocr_line' id='line_1_61' title="bbox 1064 4060 1523 4148; baseline -0.024 -17"><span class='ocrx_word' id='word_1_225' title='bbox 1064 4064 1140 4131; x_wconf 82' lang='lat' dir='ltr'>Ave</span> <span class='ocrx_word' id='word_1_226' title='bbox 1163 4064 1330 4148; x_wconf 87' lang='lat' dir='ltr'>speculum</span> <span class='ocrx_word' id='word_1_227' title='bbox 1353 4060 1523 4137; x_wconf 85' lang='lat' dir='ltr'>virtutum,</span> 
     </span>
     <span class='ocr_line' id='line_1_62' title="bbox 1065 4161 1520 4250; baseline -0.024 -18"><span class='ocrx_word' id='word_1_228' title='bbox 1065 4171 1098 4233; x_wconf 93' lang='lat' dir='ltr'>iu</span> <span class='ocrx_word' id='word_1_229' title='bbox 1121 4167 1290 4250; x_wconf 90' lang='lat' dir='ltr'>procinctu</span> <span class='ocrx_word' id='word_1_230' title='bbox 1313 4161 1520 4227; x_wconf 89' lang='lat' dir='ltr'>coustitutum</span> 
     </span>
     <span class='ocr_line' id='line_1_63' title="bbox 1065 4264 1602 4346; baseline -0.028 -11"><span class='ocrx_word' id='word_1_231' title='bbox 1065 4291 1116 4335; x_wconf 92' lang='lat' dir='ltr'>me</span> <span class='ocrx_word' id='word_1_232' title='bbox 1139 4267 1322 4333; x_wconf 87' lang='lat' dir='ltr'>indemnem</span> <span class='ocrx_word' id='word_1_233' title='bbox 1342 4264 1459 4346; x_wconf 83' lang='lat' dir='ltr'>facque</span> <span class='ocrx_word' id='word_1_234' title='bbox 1482 4266 1602 4335; x_wconf 88' lang='lat' dir='ltr'>tutum,</span> 
     </span>
     <span class='ocr_line' id='line_1_64' title="bbox 1065 4348 1764 4455; baseline -0.043 -17"><span class='ocrx_word' id='word_1_235' title='bbox 1065 4376 1191 4439; x_wconf 87' lang='lat' dir='ltr'>hostem</span> <span class='ocrx_word' id='word_1_236' title='bbox 1214 4372 1396 4455; x_wconf 84' lang='lat' dir='ltr'>reprimens</span> <span class='ocrx_word' id='word_1_237' title='bbox 1417 4376 1589 4431; x_wconf 86' lang='lat' dir='ltr'>versutum.</span> <span class='ocrx_word' id='word_1_238' title='bbox 1625 4348 1679 4416; x_wconf 85' lang='lat'>180</span> <span class='ocrx_word' id='word_1_239' title='bbox 1763 4380 1764 4433; x_wconf 73' lang='lat'><em>3</em></span> 
     </span>
    </p>
   </div>
   <div class='ocr_carea' id='block_1_19' title="bbox 1065 4555 1626 4955">
    <p class='ocr_par' dir='ltr' id='par_1_32' title="bbox 1065 4555 1626 4849">
     <span class='ocr_line' id='line_1_65' title="bbox 1066 4555 1506 4631; baseline -0.027 -3"><span class='ocrx_word' id='word_1_240' title='bbox 1066 4558 1142 4627; x_wconf 83' lang='lat' dir='ltr'>Ave</span> <span class='ocrx_word' id='word_1_241' title='bbox 1165 4559 1260 4625; x_wconf 92' lang='lat' dir='ltr'>duloe</span> <span class='ocrx_word' id='word_1_242' title='bbox 1283 4555 1506 4631; x_wconf 83' lang='lat' dir='ltr'>consolumeu,</span> 
     </span>
     <span class='ocr_line' id='line_1_66' title="bbox 1065 4652 1626 4749; baseline -0.041 -18"><span class='ocrx_word' id='word_1_243' title='bbox 1065 4683 1166 4749; x_wconf 90' lang='lat' dir='ltr'>posce</span> <span class='ocrx_word' id='word_1_244' title='bbox 1189 4670 1331 4747; x_wconf 84' lang='lat' dir='ltr'>patrem,</span> <span class='ocrx_word' id='word_1_245' title='bbox 1355 4666 1479 4737; x_wconf 81' lang='lat' dir='ltr'>natum,</span> <span class='ocrx_word' id='word_1_246' title='bbox 1501 4652 1626 4725; x_wconf 84' lang='lat' dir='ltr'>flamen,</span> 
     </span>
     <span class='ocr_line' id='line_1_67' title="bbox 1066 4770 1517 4849; baseline -0.029 -14"><span class='ocrx_word' id='word_1_247' title='bbox 1066 4779 1103 4835; x_wconf 93' lang='lat' dir='ltr'>ut</span> <span class='ocrx_word' id='word_1_248' title='bbox 1123 4770 1262 4834; x_wconf 83' lang='lat' dir='ltr'>futurum</span> <span class='ocrx_word' id='word_1_249' title='bbox 1284 4773 1360 4849; x_wconf 86' lang='lat' dir='ltr'>post</span> <span class='ocrx_word' id='word_1_250' title='bbox 1382 4778 1517 4827; x_wconf 85' lang='lat' dir='ltr'>examen</span> 
     </span>
    </p>

    <p class='ocr_par' dir='ltr' id='par_1_33' title="bbox 1067 4870 1599 4955">
     <span class='ocr_line' id='line_1_68' title="bbox 1067 4870 1599 4955; baseline -0.049 -15"><span class='ocrx_word' id='word_1_251' title='bbox 1067 4892 1128 4939; x_wconf 91' lang='lat' dir='ltr'>uos</span> <span class='ocrx_word' id='word_1_252' title='bbox 1151 4890 1223 4938; x_wconf 93' lang='lat' dir='ltr'>cum</span> <span class='ocrx_word' id='word_1_253' title='bbox 1241 4870 1339 4955; x_wconf 87' lang='lat' dir='ltr'>justis</span> <span class='ocrx_word' id='word_1_254' title='bbox 1362 4874 1467 4932; x_wconf 90' lang='lat' dir='ltr'>vocet.</span> <span class='ocrx_word' id='word_1_255' title='bbox 1501 4873 1599 4926; x_wconf 86' lang='lat' dir='ltr'>umen.</span> 
     </span>
    </p>
   </div>
   <div class='ocr_carea' id='block_1_20' title="bbox 476 5056 1318 5133">
    <p class='ocr_par' dir='ltr' id='par_1_34' title="bbox 476 5056 1318 5133">
     <span class='ocr_line' id='line_1_69' title="bbox 476 5056 1318 5133; baseline -0.004 -21"><span class='ocrx_word' id='word_1_256' title='bbox 476 5056 680 5133; x_wconf 75' lang='lat' dir='ltr'>Strsssburger</span> <span class='ocrx_word' id='word_1_257' title='bbox 697 5061 744 5118; x_wconf 84' lang='lat' dir='ltr'>lls.</span> <span class='ocrx_word' id='word_1_258' title='bbox 760 5063 792 5119; x_wconf 81' lang='lat' dir='ltr'>ll.</span> <span class='ocrx_word' id='word_1_259' title='bbox 810 5064 870 5119; x_wconf 72' lang='lat'>135.</span> <span class='ocrx_word' id='word_1_260' title='bbox 889 5062 932 5120; x_wconf 79' lang='lat' dir='ltr'>nt</span> <span class='ocrx_word' id='word_1_261' title='bbox 950 5066 1080 5120; x_wconf 76' lang='lat'>112-15.</span> <span class='ocrx_word' id='word_1_262' title='bbox 1099 5062 1148 5119; x_wconf 89' lang='lat' dir='ltr'>des</span> <span class='ocrx_word' id='word_1_263' title='bbox 1168 5062 1201 5115; x_wconf 86' lang='lat'>15</span> <span class='ocrx_word' id='word_1_264' title='bbox 1220 5056 1318 5116; x_wconf 83' lang='lat' dir='ltr'>lulrrlr.</span> 
     </span>
    </p>
   </div>
   <div class='ocr_carea' id='block_1_21' title="bbox 0 0 1974 6025">
    <p class='ocr_par' dir='ltr' id='par_1_35' title="bbox 0 0 1974 6025">
     <span class='ocr_line' id='line_1_70' title="bbox 0 0 1974 6025; baseline 0 0"><span class='ocrx_word' id='word_1_265' title='bbox 0 0 1974 6025; x_wconf 95' lang='lat' dir='ltr'> </span> 
     </span>
    </p>
   </div>
  </div>
 </body>
</html>
