3892 6025
380 582 444 645 174

375 768 404 831 8.
435 766 553 830 Nervis
577 773 628 830 est
650 782 754 830 caesus
1120 784 1178 827 rex
1202 764 1393 828 tirunculum

438 878 534 952 atque
558 868 728 951 quatriduo
1118 866 1251 929 assumit
1274 868 1501 932 coronandum.

440 974 510 1035 ⁸5⁰⁰
533 972 613 1088 cipi*
1118 1000 1244 1064 Gaudet
1268 1003 1374 1066 anima

439 1094 564 1139 1111111
587 1082 702 1137 trusus
1117 1106 1243 1187 superis
1261 1105 1393 1189 juncta,
1634 1109 1679 1171 30

439 1211 544 1296 Caput
567 1213 607 1276 de
630 1213 742 1295 prunis
915 1192 917 1198 ’
1118 1225 1253 1287 quorum
1275 1209 1405 1273 domino

436 1315 554 1393 uritur,
578 1312 691 1377 calidis
1117 1328 1205 1373 mors
1228 1320 1317 1375 extat
1339 1313 1491 1396 pretiosa.

441 1422 555 1478 venter
577 1414 684 1495 aquis,

437 1525 563 1599 tergum
588 1518 636 1579 bis
655 1515 775 1597 flagris.
1051 1527 1080 1587 6.
1113 1522 1173 1600 oui
1196 1541 1256 1588 nos
1278 1542 1337 1589 suo

1116 1626 1232 1709 dignos
1255 1629 1388 1692 servitio

1117 1741 1152 1794 ut
1175 1730 1296 1795 elfioiat

1116 1838 1197 1901 deus
1220 1840 1262 1903 ab
1285 1839 1367 1921 alto,

394 1730 401 1745 .
432 1680 567 1744 Inverso
590 1676 713 1742 vertioe

436 1783 592 1847 distentus
615 1782 788 1862 fumigatur
953 1781 995 1842 20

435 1888 589 1952 stercoris
612 1888 696 1969 igne.

1114 1976 1243 2060 Martyr
1265 1985 1377 2041 saneta

1114 2079 1258 2163 digneris
1282 2080 1378 2145 lrodie

1107 2201 1169 2268 pro
1192 2186 1331 2249 servulis

1113 2288 1254 2353 clemens
1277 2307 1392 2371 11111,
1626 2292 1668 2355 to

380 2050 390 2065 ¹
433 2027 553 2092 Bestiis
576 2025 729 2104 traditur,
871 2104 878 2120 ·

432 2131 570 2196 maxillis
593 2130 771 2212 frangitur,
794 2126 869 2189 hino

435 2236 645 2318 decapitatur.

365 2402 396 2463 5.
430 2399 540 2464 Tantis
563 2398 766 2483 perfunctum
949 2394 991 2456 25

426 2503 534 2588 plagis
558 2520 697 2585 agonum
1045 2496 1075 2556 7.
1106 2488 1242 2557 Athlula
1264 2494 1353 2577 regis
1376 2496 1496 2558 summi.

272 2756 280 2771 ,
458 2704 504 2759 lla.
523 2721 556 2757 uu
575 2702 720 2773 stuttgart
742 2700 814 2755 Bibl.
839 2694 892 2755 Noss
909 2702 952 2753 to.
971 2696 991 2754 1
1009 2701 1051 2753 57.
1069 2698 1274 2767 mitilenam,
1303 2704 1337 2754 12
1353 2701 1452 2756 1111111.
1481 2704 1537 2759 und
1560 2704 1609 2759 lla.
1633 2721 1668 2759 au

363 2791 499 2848 idduaheu
524 2790 592 2846 clm.
620 2789 707 2843 15119
734 2803 778 2842 am
805 2786 894 2855 Euda,
921 2786 971 2841 mit
994 2786 1131 2855 Naaman,
1160 2788 1192 2839 11
1221 2786 1320 2841 Jahrb.
1356 2788 1442 2843 Baide
1469 2790 1532 2846 llas.
1559 2790 1667 2863 gleich-

365 2877 486 2935 lautend.

447 3021 464 3074 5
482 3018 529 3074 fuir
546 3019 703 3090 quindecim
720 3033 864 3075 annorum,
900 3019 935 3072 35
951 3016 1089 3086 [11111111
1106 3014 1153 3072 1111
1171 3017 1223 3072 das
1240 3017 1389 3074 Veramasa
1408 3019 1554 3093 riolrtigar.

621 3409 626 3420 ·
701 3377 787 3449 769.
819 3373 861 3446 ln
888 3375 1067 3446 nativitate
1091 3397 1119 3443 s.
1143 3368 1309 3472 Agatha.

354 3612 500 3699 Agathae
522 3635 627 3682 saorae
649 3615 784 3698 virginis
1032 3611 1149 3677 Statim
1172 3622 1285 3678 assunt
1307 3613 1442 3679 ministri

355 3719 439 3783 diem
461 3720 576 3784 testum
601 3720 749 3802 colimus,
1031 3715 1114 3800 ejus,
1139 3716 1193 3796 qui
1214 3715 1339 3779 vellent
1363 3715 1508 3799 pandere

353 3823 385 3886 in
409 3841 472 3906 quo
496 3823 625 3889 deviato
648 3832 787 3907 tyranno
1029 3818 1219 3900 religionem
1242 3818 1491 3901 sanctissimam,
1614 3823 1652 3883 15

351 3926 492 4008 palmam
514 3927 609 3991 sumit
631 3926 785 4009 martyrii.
1029 3942 1125 4006 quam
1147 3930 1235 3987 tenet
1256 3924 1298 3987 ab
1317 3921 1461 3986 inlautia.

350 4136 539 4214 Quintianus
563 4145 719 4221 tyrannus
955 4141 974 4201 5
1028 4133 1107 4198 Sisti
1124 4135 1220 4218 jubet
1242 4143 1417 4218 martyrem

350 4241 530 4306 consularis
554 4239 673 4305 Sieiliae
1027 4239 1093 4302 suis
1116 4239 1346 4321 tribunalibus,

349 4342 484 4407 audieus
507 4342 625 4406 lamam
648 4341 796 4425 virginis,
1026 4350 1060 4404 et
1082 4359 1153 4404 eam
1175 4340 1223 4404 sio
1243 4340 1436 4423 alloquitur,

348 4444 487 4507 tremere
510 4443 608 4526 ooepit
630 4443 774 4526 invidus,
1027 4452 1063 4506 ut
1085 4440 1145 4505 diis
1169 4443 1329 4507 eervioem
1351 4442 1504 4508 flecteret.
1609 4444 1649 4507 20

347 4655 505 4720 Vitiorum
527 4655 696 4720 affectibus
1025 4657 1093 4723 Sed
1116 4659 1191 4724 dum
1212 4660 1257 4724 nil
1278 4659 1368 4724 ualet
1388 4660 1531 4744 insania,

346 4767 484 4824 mentem
503 4760 645 4824 vexabat
666 4759 823 4842 invidam,
931 4763 970 4824 10
1024 4762 1057 4824 iu
1079 4760 1215 4824 mamma
1238 4771 1368 4844 torquet
1388 4763 1548 4846 virginem

345 4870 380 4927 ut
403 4863 466 4926 deo
489 4863 628 4928 dicatam
649 4865 810 4947 virginem
1024 4872 1058 4930 11
1080 4872 1181 4930 testas
1204 4865 1406 4930 acutissimas

343 4967 458 5032 rabido
481 4985 539 5033 ore
561 4969 744 5052 perimeret.
1023 4970 1091 5052 igni
1112 4988 1288 5035 succensas
1311 4967 1460 5052 adhibet,
