3892 6025
364 649 429 713 112
1277 644 1291 676 ⁹

365 834 392 900 0
415 834 533 898 dilecte
556 852 626 917 prae
649 832 782 914 ceteris,
1044 839 1079 896 tu
1102 830 1156 912 qni
1179 829 1281 910 collis,
1303 828 1366 894 dun
1389 827 1432 893 ad
1453 836 1604 911 montem,

365 936 544 1016 Christum,
569 955 589 999 a
612 951 676 1017 qno
699 932 861 1015 diligeris,
1042 942 1165 1019 praesta
1188 952 1342 1019 sponsum
1589 1003 1595 1011 ,

365 1038 576 1122 interpellans
1046 1036 1089 1099 ad
1110 1035 1283 1101 videndum
1628 1035 1673 1098 35

366 1151 399 1206 et
422 1158 562 1205 exorans
951 1138 993 1199 30
1045 1138 1140 1218 virge
1163 1143 1249 1201 totus
1271 1138 1386 1219 gratia.

366 1262 426 1306 nos
450 1242 480 1304 ei
504 1240 647 1306 eoncilia.

1044 1324 1175 1411 Sponsa
1197 1327 1269 1392 laus
1291 1346 1351 1411 per
1370 1326 1490 1391 secula.

367 1404 416 1469 Τιι
439 1404 617 1486 quirinus,
641 1401 704 1468 dun
727 1402 769 1467 ad
790 1402 926 1482 fontem,

454 1593 502 1648 lls.
522 1609 557 1646 zu
575 1592 656 1657 Bern,
675 1590 738 1643 hist.
756 1592 791 1643 17
809 1605 860 1643 aus
879 1588 940 1643 dem
962 1590 995 1641 11
1012 1587 1110 1642 Jahrb.
1147 1587 1230 1641 Diese
1248 1587 1375 1657 Sequenz
1394 1588 1443 1642 lrat
1459 1586 1485 1641 in
1505 1586 1594 1640 ilrrem
1608 1586 1673 1640 Bau

365 1681 563 1737 dehulichlreit
580 1678 630 1733 mit
648 1678 735 1733 eiuem
755 1677 856 1731 Kanna
873 1693 931 1731 ven
949 1676 1115 1746 Treparien.

454 1805 470 1859 8
492 1803 619 1874 angelus,
638 1800 683 1855 lls.
722 1802 755 1852 17
774 1800 899 1867 miratur,
919 1798 966 1853 lls.
1004 1800 1038 1853 18
1056 1800 1155 1854 besser
1173 1802 1253 1854 ware
1271 1800 1412 1855 tormenti.

454 1924 487 1977 V.
508 1926 531 1976 1.
561 1922 715 1977 trinitatem
732 1924 861 1987 reserat,
887 1919 947 1974 dies
972 1920 1047 1974 wird
1073 1920 1099 1973 in
1119 1920 1172 1974 deu
1191 1921 1307 1975 ltlenieu
1325 1921 1448 1975 erlrliirt:
1478 1920 1508 1975 τὸ
1527 1917 1601 1995 ἀρχῇ
1618 1923 1672 1992 μὲν

367 2016 448 2109 imque
466 2008 514 2066 τοῦ
533 2006 624 2109 λόροο,
644 2000 730 2069 αὖθις
749 2006 779 2061 δὲ
797 2005 828 2061 τὸ
847 2004 918 2081 πρὸς
938 2005 985 2060 τὸν
1004 2010 1109 2080 πατέρα
1124 1996 1288 2079 ἀχώριστον,
1307 2007 1396 2062 καὶτὸ
1411 2002 1479 2076 ἴσον,
1501 2007 1674 2079 μειὰταῦτα

367 2098 415 2168 τῐς
428 2096 476 2153 τοῦ
489 2095 594 2170 πατρὸς
608 2092 718 2155 οὐσίας·
738 2090 948 2163 demeritorium
967 2092 1004 2146 δι’
1022 2091 1107 2148 αὐτοῦ
1125 2092 1173 2165 τὴν
1192 2091 1413 2196 ὀρθοδοξίαν
1381 2113 1429 2164 της
1403 2094 1530 2170 ραρίας
1549 2094 1674 2170 τριάδος.

367 2185 431 2239 mai.
450 2184 474 2237 8.
509 2184 602 2237 Daher
626 2182 714 2236 heisst
738 2197 769 2235 es
797 2182 868 2235 auch
888 2180 964 2250 Sept.
983 2182 1026 2234 26.
1063 2198 1177 2257 ρραψας
1202 2178 1265 2251 duria
1292 2180 1322 2236 τὸ
1348 2183 1472 2258 Χριστοῦ
1496 2186 1673 2268 ἐυαρρέλιον.

369 2274 511 2345 θεολορεῖν
535 2272 581 2326 τὸν
605 2274 710 2345 πατέρα
737 2272 783 2323 καὶ
810 2268 856 2323 τὸν
881 2267 940 2323 ὖιὸν
965 2272 1010 2322 καὶ
1028 2267 1059 2323 τὸ
1080 2267 1188 2339 πνεῦμα
1207 2269 1390 2334 ἐξεπαίδευσε.
1426 2290 1475 2340 της
1492 2270 1652 2344 τριάδος
1623 2291 1675 2341 την

368 2357 468 2431 qudem
493 2354 629 2431 ἀριδὲλως
653 2354 723 2411 πᾶσι
749 2363 806 2418 τοῖς
829 2358 939 2411 ἔθνεσιν
957 2354 1077 2429 ἐκήρυξε.
1113 2355 1297 2427 Evangelista
1314 2356 1458 2411 lohannes
1478 2359 1556 2414 velut
1573 2358 1674 2429 aquila

367 2449 449 2503 vorm
466 2448 551 2502 altius
570 2446 773 2517 caliginemque
792 2452 878 2500 terrae
897 2444 1081 2512 transcendit,
1099 2452 1129 2500 et
1146 2446 1236 2499 lucem
1253 2446 1383 2501 veritatis
1398 2442 1673 2501 firmioribusoculis

369 2536 501 2590 intuetur.
528 2537 659 2605 Auyrrrlin.
678 2533 706 2587 in
726 2548 825 2603 evang.
843 2532 909 2587 ton.
927 2534 953 2600 3,
975 2534 1015 2585 15.
1034 2534 1050 2598 s
1066 2535 1090 2585 1.
1126 2532 1165 2587 llr
1189 2531 1264 2586 wird
1287 2534 1360 2587 auclr
1385 2533 1432 2587 bei
1456 2532 1508 2587 den
1532 2532 1673 2589 Grieclreu

368 2624 417 2677 mit
435 2622 498 2677 dem
517 2622 605 2677 Adler
624 2620 795 2691 abgebildet.
822 2620 921 2674 Ηοιοι.
941 2621 1000 2673 116.
1018 2620 1090 2674 nach
1103 2620 1204 2675 Ezech.
1223 2622 1248 2687 1,
1269 2622 1312 2673 1⁰.

455 2710 489 2763 V.
508 2712 533 2762 2.
559 2724 680 2762 summus
698 2706 884 2777 evangelista,
903 2706 993 2761 daher
1010 2706 1038 2759 in
1057 2706 1109 2759 den
1127 2706 1245 2763 niunden
1263 2708 1394 2775 θεμέλιος
1407 2705 1459 2761 τῶν
1473 2710 1560 2762 θείων
1573 2706 1674 2783 tique,

368 2794 490 2869 αρχηρός
508 2815 556 2865 τις
575 2796 731 2869 θεολοριας.
758 2793 821 2849 Mai.
840 2794 864 2847 8.
898 2792 986 2869 κῆρυξ
1003 2791 1164 2869 πρώτιστος.
1183 2793 1220 2848 ib.
1261 2793 1413 2848 altissimus
1431 2794 1674 2866 evangelistarum

368 2885 421 2940 dei.
452 2886 565 2939 Anaelmi
582 2888 655 2937 orat
673 2882 715 2935 67.

456 2971 491 3025 V.
506 2972 531 3024 t.
560 2967 771 3025 'transcendens
789 2966 949 3023 universam
967 2973 1136 3038 creaturam,
1155 2968 1354 3025 transcendens
1369 2970 1469 3039 emnia,
1488 2970 1517 3025 in
1530 2972 1672 3043 principie

368 3061 484 3116 verbum
503 3059 575 3114 vidit
591 3066 620 3114 et
637 3059 723 3127 bibit;
760 3073 846 3127 super
865 3073 973 3112 omnem
992 3064 1152 3114 ereaturam
1169 3058 1255 3128 vidit,
1282 3058 1315 3112 de
1334 3065 1450 3130 pectore
1469 3059 1574 3115 domiui
1591 3059 1673 3115 bibit

368 3149 550 3217 61119611ιίιὶ
573 3161 666 3200 sermo
687 3146 751 3212 120,
772 3148 795 3198 1.
830 3144 1056 3200 'transcenderat
1074 3145 1168 3201 emnia
1186 3146 1330 3200 cacumina
1347 3151 1501 3215 terrarum,
1528 3151 1674 3202 transcen·

369 3234 451 3289 derat
469 3249 564 3287 omnes
583 3247 697 3302 campus
717 3231 805 3299 adria,
834 3232 1048 3286 transcenderat
1066 3247 1163 3287 omnes
1181 3232 1344 3287 altitudines
1362 3232 1498 3302 siderum,
1527 3239 1674 3288 transcen-

369 3321 450 3376 derat
469 3336 564 3374 omnes
583 3319 687 3373 choros
707 3323 735 3373 et
754 3317 882 3389 legiones
901 3318 1075 3390 angelorum
1103 3320 1157 3373 nisi
1175 3320 1249 3374 enim
1266 3320 1480 3376 transcenderet
1497 3321 1553 3375 ista
1568 3321 1673 3387 omnia,

368 3424 431 3480 qua
450 3413 548 3462 creata
565 3409 638 3473 suut,
658 3420 713 3459 neu
730 3404 894 3474 perueniret
912 3405 948 3460 ad
967 3419 1038 3473 eum,
1056 3422 1108 3477 per
1126 3423 1206 3476 quem
1224 3404 1385 3462 factasunt
1403 3409 1502 3463 omnia
1526 3410 1650 3477 Αιιριιιι.
1641 3423 1673 3461 ια

367 3496 431 3552 Joh
447 3510 585 3564 evang„
562 3496 575 3545 1
599 3496 624 3547 6.

455 3581 487 3634 V.
506 3583 548 3634 2¹.
571 3580 676 3652 Virgo,
702 3583 861 3654 παρθένος,
893 3580 982 3635 lreisst
999 3581 1143 3636 lohannes
1168 3582 1239 3637 auch
1263 3581 1483 3652 regemassig·
1475 3597 1503 3634 m
1526 3581 1580 3636 den
1598 3582 1673 3637 'lto-

368 3666 474 3736 pericu.
502 3667 620 3722 Goan.
639 3669 699 3722 336.
736 3669 766 3723 lu
793 3667 846 3723 den
869 3667 988 3723 llleniien
1014 3668 1087 3722 anch
1111 3667 1173 3722 eine
1196 3667 1299 3722 audere
1322 3669 1506 3740 Verbindung
1530 3667 1670 3744 θεολόρος

366 3755 518 3827 παρθένος.
543 3753 680 3825 septae.

630 4038 715 4112 704.
752 4039 795 4110 ln
819 4040 997 4111 nativitate
1024 4064 1052 4111 s.
1078 4035 1257 4111 olebanuis
1280 4063 1405 4141 evang.

368 4236 540 4303 Sollemnis
564 4240 633 4305 dies
657 4240 803 4322 advenit,
1047 4240 1147 4319 Quem
1171 4260 1267 4308 sacro
1289 4263 1388 4329 super
1409 4258 1544 4330 pectore

368 4362 432 4425 qun
452 4344 548 4427 virgo
571 4345 687 4410 coelum
709 4345 817 4428 petiit,
1046 4352 1101 4408 tun
1124 4344 1206 4410 lanis
1228 4350 1418 4411 recumbere
1630 4357 1672 4419 16

368 4450 571 4531 evangelista
593 4450 763 4531 maximus,
1045 4448 1155 4513 ultima
1177 4450 1210 4512 in
1232 4469 1340 4533 coena,
1363 4451 1505 4534 domine,

366 4554 535 4619 lohannes
559 4560 591 4616 et
614 4553 791 4636 apostolus.
1046 4570 1140 4635 quum
1158 4558 1315 4635 pulueris
1334 4557 1446 4637 pridie.

366 4717 450 4784 Hinc
473 4727 550 4785 vota
571 4720 677 4786 laudis
699 4721 829 4787 solvere
972 4723 991 4784 5
1045 4712 1107 4777 Cui
1128 4721 1263 4777 matrem
1287 4715 1344 4778 tali
1364 4716 1489 4784 loedere

367 4830 401 4888 et
423 4823 575 4906 hymnum
598 4825 696 4906 gestit
718 4843 870 4908 promere
1045 4817 1157 4881 mortis
1180 4818 1351 4902 conjungis
1372 4830 1536 4906 tempore,

368 4932 501 4991 caterva
523 4927 625 4991 nostri
648 4927 769 4992 ordinis
1045 4927 1080 4983 ut
1102 4921 1252 4986 noverint
1275 4941 1310 4986 se
1334 4923 1444 4988 colere
1633 4931 1674 4992 15

367 5028 491 5094 honore
514 5030 595 5094 tanti
616 5029 749 5095 coelibis.
1046 5031 1156 5094 metris
1179 5049 1218 5095 ac
1240 5031 1343 5116 prelis
1367 5034 1505 5098 nomine.
