3892 6025
455 891 490 949 et
512 883 701 966 obsequitur
1135 904 1196 951 nos
1219 895 1253 952 et
1274 905 1392 955 severo

453 988 669 1052 incarceretur
1134 1005 1200 1053 non
1224 989 1321 1073 tradi,
1344 991 1405 1056 sed
1427 1009 1511 1056 vero

451 1087 609 1152 eoelornm
634 1093 736 1152 eoetns
1134 1090 1310 1156 reconcilia
1332 1109 1394 1156 nos
1417 1093 1579 1178 creatori,

451 1189 510 1254 tibi
531 1189 659 1254 victrici
681 1191 806 1272 bentae,
1134 1193 1203 1274 tuo,
1227 1201 1262 1258 ut
1284 1196 1470 1278 temptatori

452 1294 505 1357 eui
528 1292 677 1358 dominun
1133 1315 1198 1360 nun
1220 1302 1486 1384 succumbamus,
1660 1303 1698 1362 ’15

451 1392 549 1459 Jesus
572 1393 722 1460 Christus
745 1413 909 1480 apperens
1133 1401 1191 1465 sed
1214 1405 1396 1469 nocentium

454 1497 617 1560 confortet
638 1504 671 1560 te
694 1497 906 1564 nihilominus.
971 1499 1013 1564 50
1132 1503 1265 1572 insidias
1289 1506 1511 1574 devincamus,

449 1661 531 1726 iiiuc
551 1679 672 1727 menon
691 1677 801 1728 oerum

453 1767 511 1829 tibi
533 1766 680 1830 redditur

451 1869 578 1949 oranti,
600 1868 676 1931 555

453 1987 519 2033 vox
540 1971 624 2037 coelo
647 1971 781 2034 mittitur

452 2080 485 2137 et
507 2075 703 2157 promittitur
1131 2075 1227 2144 Solon
1248 2095 1322 2158 not,

452 2196 513 2260 pro
537 2179 653 2260 quibus
675 2197 752 2242 oras
1130 2181 1226 2261 5555,
1246 2199 1306 2264 pro
1328 2183 1438 2264 unitim

451 2280 613 2360 solamen3
636 2281 748 2362 sieque
1130 2279 1308 2347 Katherinu
1334 2291 1363 2350 te
1385 2291 1465 2350 erut.

452 2382 615 2448 decollata
636 2382 723 2448 lucto
740 2401 856 2448 rorans

451 2487 525 2551 ¹¹1ssss
548 2486 756 2568 subveheris,
1064 2503 1094 2566 8.
1126 2501 1176 2566 Du
1196 2500 1313 2585 fontem
1334 2503 1379 2566 tui
1403 2502 1518 2566 lateris

451 2589 707 2671 angelorumque
730 2609 828 2654 munu
969 2590 1012 2654 60
1130 2622 1196 2668 nos,
1214 2603 1389 2668 emundare
1413 2605 1545 2688 penitus
1649 2601 1686 2664 85

450 2692 484 2754 in
506 2701 615 2758 monte
638 2691 731 2776 Synu
753 2694 937 2780 deponeris.
1130 2708 1246 2771 atahe
1269 2706 1428 2784 criminis,

1068 1719 1098 1782 ι.
1129 1679 1214 1784 rem
1232 1736 1290 1784 nn

1134 1841 1209 1887 unm
1231 1829 1261 1888 te
1280 1823 1426 1889 dominu·

1132 1941 1284 2008 sponsum
1309 1943 1399 1990 enam
1423 1927 1583 2008 honorut3
1653 1925 1692 1990 85

1132 2863 1200 2943 Quo
1222 2862 1336 2928 inusto
1359 2861 1574 2944 indulgentiae

1129 2965 1285 3031 dueumnr
1308 2965 1349 3031 ad
1375 2967 1524 3033 ooelestia

1128 3090 1224 3134 mann
1246 3070 1434 3135 elementiae.

384 2911 414 2972 6.
447 2908 512 2975 Fue
531 2906 665 2991 semem,
686 2908 764 2971 viva

452 3032 545 3096 quem
569 3022 605 3077 nt
627 3013 715 3077 oliva

448 3118 570 3195 tundis,
593 3118 666 3183 haee
687 3119 802 3183 laesiva

448 3225 804 3305 peccatorumuulnera
819 3244 944 3307 curare,
969 3224 1009 3285 65

450 3343 575 3407 „osque
598 3327 757 3410 solidare,
1062 3288 1092 3349 9.
1127 3284 1357 3351 Christianismi
1379 3285 1499 3353 donum
1645 3281 1681 3344 90
1759 3288 1760 3324 t

1127 3387 1180 3454 tan
1202 3407 1261 3453 nor
1284 3392 1403 3454 bouum

1128 3490 1292 3556 custodire

1128 3602 1225 3675 teque
1247 3595 1295 3659 nio
1319 3594 1424 3677 sitire,

1127 3708 1162 3763 ut
1185 3718 1364 3763 mereamur
1386 3708 1463 3782 post
1486 3698 1615 3763 exiliunt

449 3800 513 3865 Fac
535 3804 603 3883 iuni
623 3802 695 3866 tero
968 3805 1009 3866 10
1129 3798 1360 3864 auctorante
1384 3803 1533 3865 transire.
1641 3792 1676 3855 95
1756 3810 1757 3817 ³

452 3450 494 3493 ne
517 3449 722 3515 superemur,

449 3532 510 3597 sed
532 3542 608 3618 post
631 3536 796 3599 eriminum

450 3638 619 3702 victorium
642 3657 843 3705 coronemur.

469 4039 518 4094 Hs.
540 4058 574 4095 nu
601 4041 631 4096 S.
649 4040 721 4096 Paul
739 4041 767 4096 iu
786 4042 914 4096 Kirnten
939 4040 1052 4096 15518.
1077 4040 1112 4094 1t
1127 4040 1226 4095 Jahrb.
1252 4038 1302 4094 mit
1320 4036 1370 4094 der
1387 4039 1509 4095 51515515
1536 4041 1599 4110 (Α).
1632 4032 1674 4087 11³·

383 4146 418 4184 ru
436 4126 466 4183 S.
485 4128 617 4184 Peterin
637 4130 780 4201 Satnburg
798 4126 854 4197 vm
873 4132 899 4185 2
918 4127 1339 4184 151555555155551515515
1359 4130 1421 4198 (B).
1456 4126 1538 4185 Diese
1557 4124 1674 4195 sequent

380 4217 421 4271 ist
439 4216 502 4272 eine
520 4218 741 4289 Uebertragnug
757 4218 808 4272 den
826 4216 1023 4271 Murieuliedee
1047 4217 1101 4271 Aue
1117 4218 1249 4286 preclara
1272 4216 1340 4286 (No.
1359 4218 1428 4287 555)
1452 4214 1507 4271 auf
1519 4214 1563 4270 die
1581 4213 1606 4265 5.
1625 4206 1674 4261 Ka·

380 4303 507 4371 theriua,
528 4305 584 4359 555
603 4304 735 4375 obgleieh
753 4320 784 4357 er
803 4302 1001 4375 nurctgmgig
1020 4302 1141 4375 gereinut
1158 4304 1266 4372 werde,
1291 4320 1325 4359 no
1343 4304 1394 4358 hat
1411 4320 1441 4358 es
1461 4304 1490 4357 iu
1509 4302 1559 4357 der
1576 4294 1673 4355 Ueber-
1753 4304 1754 4323 ¹

381 4390 531 4462 nrbeituug
556 4391 627 4447 doeh
648 4391 691 4444 die
710 4390 795 4445 Furni
814 4389 864 4444 der
883 4389 1042 4460 ’1555551155
1060 4388 1138 4445 nieht
1155 4388 1289 4445 verloren
1313 4390 1370 4444 555
1392 4390 1430 4445 ist
1452 4390 1501 4445 mit
1524 4384 1611 4441 vietor
1626 4379 1673 4434 Ge·

384 4478 541 4534 wundtheit
558 4480 697 4551 gemacht.

470 4652 505 4703 15
523 4651 606 4722 eulpa
625 4654 657 4706 5
693 4653 729 4706 36
747 4657 902 4707 terrentem
920 4652 952 4707 B.
988 4652 1024 4706 to
1042 4649 1166 4723 gentium
1183 4652 1242 4719 ΑΒ,
1260 4666 1352 4723 gegen
1370 4653 1518 4707 Versnmm
1535 4642 1588 4703 555
1601 4640 1670 4699 Sinn-

381 4738 416 4793 55
444 4738 508 4793 555
536 4736 609 4793 fehlt
632 4742 665 4794 Α.
719 4736 875 4795 5515555
892 4740 923 4795 R
977 4739 1020 4795 68.
1038 4739 1073 4793 69
1103 4744 1170 4809 post
1186 4738 1240 4793 hoe
1259 4739 1301 4793 tui
1319 4738 1434 4794 insidias
1453 4738 1623 4793 devincamus
1639 4724 1668 4778 A·

381 4827 416 4881 86
433 4825 552 4881 sceleris
571 4826 601 4881 n
637 4828 791 4884 81555515
809 4830 842 4883 B.
1284 4840 1289 4849 '

466 5007 501 5063 V.
520 5010 632 5065 ot-uo.
660 5006 725 5067 fons
744 5010 850 5067 luteris.
886 5006 1024 5065 Deruelbo
1042 5007 1193 5065 oenanmn
1210 5008 1250 5063 ist
1268 5006 1296 5062 in
1315 5008 1367 5064 No.
1386 5006 1446 5079 116,
1465 5002 1551 5062 9-16
1576 5002 1667 5061 auset·

380 5091 489 5150 driokt.
517 5095 760 5170 VgtAporuH,
779 5100 820 5152 15.
