3892 6025
679 1079 764 1155 750.
805 1082 862 1152 ne
889 1106 960 1155 unu
988 1082 1200 1155 consessore.

283 1284 469 1367 Gratulare,
493 1302 614 1369 sponsa
632 1281 769 1369 Christi,

283 1388 359 1469 quas
382 1405 443 1469 per
466 1384 564 1449 iidem
586 1386 726 1468 genuisti

170 1512 171 1515 ¹
283 1490 392 1555 virum
415 1490 495 1553 tanti
516 1489 671 1572 nominis,

282 1676 321 1742 lu
344 1693 410 1759 quo
430 1680 527 1759 pater
548 1675 707 1758 gloriatur

283 1788 319 1845 et
339 1780 477 1844 virtutes
501 1786 670 1864 operatur,
892 1780 911 1843 5

283 1883 412 1969 gaude,
434 1891 540 1948 mater
562 1884 688 1951 nubilis.

282 2070 408 2137 Plaude
432 2093 544 2155 manu,
568 2089 651 2139 voce
675 2074 794 2156 clama,

284 2177 484 2242 contessoris
505 2199 567 2262 per
589 2186 622 2242 te
644 2178 731 2242 lama

284 2290 415 2347 crescat
436 2290 470 2346 et
492 2284 664 2365 memoria3

284 2470 399 2537 Crevit
420 2472 601 2570 euimqante
627 2471 738 2555 deum,

285 2575 341 2658 qui
366 2576 497 2641 beatum
519 2576 597 2644 lecit
619 2596 692 2641 eum

284 2681 318 2742 iu
341 2680 467 2743 coelesti
489 2681 611 2763 gloria3

289 2866 392 2953 Cujus
415 2876 513 2952 capnt
534 2875 569 2932 et
590 2868 739 2934 doctriua

288 2972 382 3056 quasi
405 2972 500 3038 stella
521 2972 677 3037 matutina

288 3077 377 3142 lucet
399 3077 431 3140 iu
451 3084 653 3160 perpetuum.

288 3267 354 3332 Per
377 3275 410 3332 te
432 3265 551 3350 flagrat
570 3267 643 3332 haec
665 3267 800 3332 lucerna

284 3373 440 3455 praebens
462 3371 524 3434 iter
545 3369 587 3434 ad
610 3387 769 3453 superna,

286 3474 368 3538 deus
394 3473 600 3538 exercituum.

285 3662 360 3727 Nun
382 3663 416 3726 in
437 3681 516 3727 vase
539 3682 601 3728 nec
623 3664 683 3726 sub
706 3661 792 3727 lecto

287 3764 480 3847 constituta,
503 3764 562 3828 sed
584 3765 617 3828 iu
640 3770 728 3829 tecto
873 3762 915 3825 20

285 3867 403 3952 procul
425 3867 546 3951 sparsit
566 3865 684 3930 radios.

963 1284 1107 1351 Caritate
1129 1286 1299 1369 rutilabat,

963 1390 1103 1454 veritate
1125 1390 1332 1472 fulminabat,

963 1500 1091 1557 terrens
1114 1492 1333 1558 adversarios.

963 1678 1052 1747 Ecce
1072 1680 1198 1765 loseph
1221 1682 1417 1765 fortunatus,
1547 1685 1590 1748 25

963 1784 1015 1847 vir
1037 1803 1229 1850 accrescens
1252 1793 1286 1850 et
1307 1788 1466 1868 probatus

963 1892 998 1957 in
1020 1900 1197 1976 conspectu
1218 1892 1382 1977 principis.

963 2080 1026 2148 llic
1047 2090 1161 2167 aperta
1184 2083 1390 2167 declaratur,

964 2202 1029 2265 qua
1051 2185 1170 2249 virtute
1193 2184 1353 2269 dirigatur

964 2287 1020 2351 via
1040 2287 1104 2351 viri
1123 2288 1286 2373 simplicis.
1548 2288 1591 2355 30

965 2472 993 2538 0
1016 2494 1111 2557 quam
1133 2478 1278 2561 prudens
1300 2484 1335 2543 et
1355 2477 1462 2543 fidelis

965 2578 1185 2662 dispensatur,
1209 2580 1318 2661 quiin
1341 2580 1433 2646 coelis

965 2690 1057 2748 certo
1079 2681 1202 2765 gaudet
1224 2684 1330 2766 titulo,

966 2871 1032 2941 Ubi
1055 2873 1167 2938 fruens
1190 2874 1360 2955 coelibatu,

966 2991 1026 3041 nos
1049 2976 1201 3042 absolvat
1223 2995 1244 3040 a
1266 2983 1361 3040 reatu
1551 2975 1592 3039 ³5

965 3081 1080 3144 mortis
1103 3088 1136 3144 et
1153 3080 1310 3164 periculo.

965 3265 1083 3330 Praebe
1106 3267 1194 3350 pias,
1216 3273 1327 3350 pater,
1350 3283 1464 3347 aures,

966 3370 1207 3450 qualescunque
1229 3387 1318 3433 sume
1341 3367 1476 3452 laudes,
1497 3446 1501 3454 .

966 3471 1083 3537 doctor
1104 3473 1332 3555 celeberrime,

964 3659 1079 3725 Funde
1101 3680 1218 3745 preces
1241 3660 1330 3747 apud
1352 3660 1525 3743 Christum,
1548 3659 1596 3723 40

966 3770 1003 3827 ut
1023 3763 1182 3827 instauret
1205 3764 1338 3829 chorum
1359 3762 1457 3826 istum

965 3867 1041 3948 paci
1063 3866 1295 3959 saluberrimae,

378 4053 410 4108 ln
428 4052 506 4107 einer
524 4051 809 4124 llymnensammlung
826 4053 877 4107 der
894 4052 943 4108 lla.
962 4070 997 4106 au
1015 4052 1100 4109 Grata
1118 4055 1181 4125 east
1199 4053 1248 4108 des
1266 4053 1301 4106 12
1317 4050 1417 4107 Jahrb.

381 4177 416 4229 15
433 4179 580 4245 perpetua,
598 4174 646 4229 lis.
676 4175 712 4228 hd
729 4173 816 4244 illum,
834 4174 882 4230 lla.
913 4173 962 4230 Sie
975 4174 1101 4230 schreibt
1115 4176 1186 4229 nach
1200 4175 1275 4232 aiter
1287 4173 1388 4228 Weiss
1404 4161 1445 4228 sc't
1460 4171 1515 4227 und
1529 4176 1599 4244 upnt.

382 4295 416 4351 V.
434 4297 457 4351 Β.
484 4293 673 4352 confessores
701 4295 816 4364 Quoties·
835 4295 906 4350 bene
926 4295 993 4366 quid
1010 4295 1127 4368 agimus,
1145 4294 1226 4350 deum
1243 4293 1415 4352 confitemur.
1441 4295 1553 4351 Hieron.
1570 4294 1600 4348 in

292 4399 339 4456 ep.
356 4383 393 4439 ad
410 4385 464 4439 Tit.
485 4387 509 4454 1,
529 4385 570 4439 16.

433 4669 518 4744 751.
554 4669 615 4740 De
641 4667 847 4769 virginibus.
882 4668 1017 4742 Puella
1039 4673 1178 4742 muhata
1212 4671 1457 4766 (troparium).

289 4907 318 4970 1.
354 4905 484 4976 Scalam
508 4913 551 4978 ad
574 4914 675 4980 coelcs

355 5015 554 5104 subrectam,
578 5021 746 5085 tormentis
770 5021 916 5100 cinctam,

971 4863 1002 4924 2.
1037 4859 1140 4945 Cujus
1161 4863 1225 4927 ima

1036 4963 1138 5031 draco
1161 4985 1295 5030 servare
1318 4972 1432 5055 cautus

1042 5069 1192 5152 invigilat
1209 5069 1348 5153 jugiter,
1582 5072 1601 5131 5
