3892 6025
257 764 318 843 cui
341 766 454 831 sitiens
476 765 664 849 martyrium

255 887 357 951 prece
379 868 509 934 siccasti
531 868 678 951 llnvinnr,

255 992 361 1054 regna
383 956 499 1055 petens
513 971 664 1037 'coelestia

256 1075 389 1159 capitali
413 1074 582 1139 sententia.

776 881 780 888 ’
820 870 882 935 130

256 1256 408 1321 Dissolvc
431 1256 716 1321 nexuscriminum

255 1378 318 1441 per
340 1355 454 1422 Jesnm
476 1356 637 1433 Christum
661 1358 838 1439 domiuum,

255 1468 293 1524 nt
315 1468 421 1523 tecum
443 1460 475 1522 in
499 1460 685 1525 coelestibns
819 1462 881 1525 135

257 1574 443 1629 sanctoruni
462 1565 588 1649 jungar
611 1568 755 1633 cuntibus.

255 1742 424 1823 Vincenti,
446 1750 570 1827 martyr
593 1743 730 1825 inclyte,

256 1846 419 1909 carbones
441 1862 583 1908 vernans
606 1843 782 1925 sunguine,

256 1946 374 2013 ctnlum
396 1952 511 2009 tenens
533 1946 566 2009 in
588 1964 735 2028 munere,

255 2068 319 2134 prc
341 2068 393 2111 nie
414 2048 546 2131 precari
568 2056 691 2130 satage.
821 2051 882 2115 tto

254 2228 427 2310 Laurenti,
450 2229 542 2293 miles
564 2230 730 2313 pertinax,

256 2334 290 2395 in
313 2332 380 2396 lide
401 2331 455 2415 pie
474 2339 662 2411 contumax,

256 2435 310 2499 cni
331 2436 366 2498 in
388 2436 464 2517 igne
487 2434 624 2517 militas,

257 2557 356 2602 crare
377 2557 439 2623 pro
462 2558 514 2604 nie
537 2537 677 2603 studeas.

255 2720 453 2785 Cunctorum
477 2726 580 2783 coetns
602 2724 795 2801 martyrum,
822 2716 882 2780 145

255 2842 369 2887 curam
392 2829 584 2905 spernentes
602 2838 791 2905 corporum,

256 2927 310 2991 cui
335 2925 463 2991 fudistis
484 2926 689 3009 sanguinem,

254 3029 345 3093 hunc
367 3028 511 3093 reddatis
533 3029 734 3113 placabilem.

254 3209 420 3274 Silvester
442 3207 664 3288 ammirabilis,

255 3312 463 3378 confessione
477 3311 608 3392 nobilis,

254 3424 356 3498 capnt
378 3415 482 3480 lactus
504 3415 671 3497 ecclesias,

253 3519 435 3582 orationem
458 3517 595 3600 respice.

821 3312 882 3375 150

251 3700 293 3766 lu
314 3697 393 3762 sede
416 3698 505 3762 Petri
528 3699 671 3781 positus,

253 3802 329 3883 ejus
353 3799 479 3882 qnitlent
502 3801 661 3879 vicarius,

252 3904 358 3987 ipsius
380 3921 515 3968 consors
537 3904 667 3986 gloriae,

253 4005 330 4070 coeli
351 4004 499 4088 gaudens
521 4007 553 4069 in
578 4007 723 4072 culmine.

817 3907 879 3970 155

253 4169 351 4232 llleos
377 4168 508 4233 intende
532 4171 670 4254 gemitus

252 4272 318 4334 tuis
335 4270 485 4354 juvando
509 4274 677 4356 precibus,

253 4374 309 4455 qui
332 4373 487 4438 talentum
510 4375 718 4460 multiplicas,

252 4485 289 4540 nt
312 4485 369 4542 tuo
392 4478 463 4558 regi
487 4463 628 4561 placeas.

254 4639 411 4724 Gregori,
433 4643 556 4724 praesnl
579 4645 714 4728 optino,

254 4745 353 4808 tutius
376 4742 438 4808 llos
460 4746 628 4830 ecelesia,

254 4845 369 4909 domus
392 4843 446 4910 dei
470 4847 715 4929 candelabrum,

254 4959 289 5014 nt
310 4957 444 5036 parcat,
465 4967 549 5034 roga
571 4950 739 5018 dominum.

934 764 1090 847 Muttine,
1112 762 1202 829 sidus
1225 762 1356 845 Galliae,
1496 764 1558 827 165

934 868 1087 931 virtutum
1109 866 1240 929 fervens
1264 883 1396 927 munere
1403 911 1412 944 ,

935 988 1030 1051 quem
1051 969 1138 1051 tegis
1161 966 1427 1048 catechumenus,

934 1072 999 1152 lac,
1026 1080 1060 1136 ut
1083 1078 1252 1138 succurrat
1275 1069 1428 1135 dominus.

936 1256 1150 1324 Sacerdotnm
1175 1256 1350 1337 confessio,

936 1361 1164 1428 confessorum·
1180 1360 1301 1443 oratio,

935 1469 1048 1531 summi
1070 1468 1159 1552 regis
1182 1462 1371 1549 conspectui

935 1568 1051 1633 offerte
1073 1584 1191 1652 preces
1214 1564 1332 1629 lamnli.

1498 1359 1561 1421 ttc

936 1746 1024 1810 Vere
1046 1744 1124 1809 lelix
1146 1743 1317 1823 Felicitas,

934 1868 1008 1932 quae
1030 1850 1134 1931 prima
1156 1848 1241 1910 inter
1266 1845 1348 1909 alias

934 1956 977 2019 cb
1001 1952 1145 2017 caritatis
1164 1950 1310 2014 meritum

934 2055 999 2119 hcc
1020 2062 1112 2117 tenes
1135 2050 1356 2135 privilegium,

1498 1946 1560 2011 stt

934 2239 1017 2303 Dum
1039 2238 1202 2303 Christum
1224 2244 1331 2300 mente
1354 2233 1530 2316 conspicis,

934 2352 1066 2407 terrena
1088 2348 1205 2406 cuncta
1229 2338 1386 2422 despicis3

934 2442 1022 2527 apud
1044 2444 1149 2525 ipsum
1172 2460 1232 2504 nos
1256 2438 1391 2524 adjuva,

933 2548 966 2609 in
990 2545 1083 2628 qu'ns
1104 2541 1230 2627 gaudes
1249 2542 1364 2625 gloria.
1499 2539 1561 2603 18⁰

934 2722 1092 2788 Olllaria
1114 2720 1328 2803 magdalene,
1361 2753 1368 2761 ·

934 2827 1052 2891 festina
1075 2844 1173 2909 opem
1194 2822 1345 2903 tradere,

935 2935 987 3000 cni
1009 2934 1144 3019 primum
1168 2952 1205 2995 se
1228 2929 1343 2997 obtulit

936 3035 1100 3120 Christus,
1123 3057 1195 3104 cnm
1217 3042 1352 3101 mortem
1375 3032 1498 3097 vicerit.

936 3215 1094 3282 Columba
1112 3217 1250 3299 simplex
1269 3215 1391 3293 animo,
1498 3212 1560 3275 185

935 3321 1042 3384 nranti
1065 3319 1164 3398 assis,
1188 3318 1343 3395 obsecro,

935 3443 1010 3506 qnae
1033 3419 1154 3487 corona
1175 3419 1322 3502 martyrii

934 3525 1118 3609 amplexum
1140 3524 1225 3607 petis
1248 3521 1376 3586 domini.

933 3702 1052 3769 Omnes
1075 3710 1217 3768 sacratae
1239 3702 1400 3784 virgines,

933 3808 1076 3871 lerentes
1100 3824 1221 3889 sponso
1244 3803 1428 3888 lampades,
1496 3802 1558 3867 190

932 3908 1023 3972 vasis
1043 3913 1191 3970 tenentes
1214 3907 1335 3987 oleum,

931 4030 1038 4074 meum
1061 4010 1214 4094 quaeratis
1237 4006 1446 4075 commodum.

934 4171 1057 4238 Sancta
1080 4180 1266 4237 sanctorum
1288 4171 1419 4252 concio,

932 4297 998 4342 una
1020 4276 1149 4360 quidem
1172 4279 1367 4358 communio,

933 4381 1011 4445 milii
1031 4381 1124 4445 simul
1148 4382 1327 4446 succurrite

933 4492 967 4548 et
990 4482 1154 4548 Christum
1175 4483 1375 4550 intercedite.

1494 4383 1556 4446 195

932 4647 1029 4730 Esto,
1053 4645 1198 4729 Christe,
1220 4648 1400 4732 propitius,

933 4769 1015 4834 qnos
1037 4750 1153 4833 tundo,
1177 4750 1253 4815 vide
1277 4752 1430 4834 gemitus,

933 4861 967 4919 et
989 4873 1085 4936 quem
1107 4854 1226 4918 creasti
1248 4851 1385 4919 dextera
1392 4901 1400 4934 ,

933 4960 977 5024 ab
999 4958 1084 5024 omni
1106 4959 1192 5026 malo
1214 4960 1328 5026 libera.

1304 5069 1321 5130 ί
1330 5063 1350 5104 1

1492 4961 1557 5026 200
