3892 6025
420 695 491 760 382

375 947 380 956 ,
420 888 450 949 2.
483 882 575 961 oneo
582 883 651 967 jam
662 876 1043 963 dndnmpr'aesignavit‚5
1097 859 1127 940 7'.
1160 871 1247 939 Gurd
1269 867 1398 956 quidem
1421 875 1576 940 bonitatis

485 989 539 1072 qui
560 995 629 1051 tres
651 983 768 1048 videns
790 983 941 1048 adoravit
1162 985 1196 1042 et
1218 975 1337 1042 divinae
1358 978 1490 1062 pietatis

523 1089 711 1170 monadem,
1163 1079 1196 1142 in
1219 1077 1381 1144 mittendis
1403 1081 1506 1145 tribus
1529 1079 1606 1145 viris

1202 1181 1244 1246 ad
1268 1199 1328 1246 nos
1350 1180 1512 1264 exhibita

484 1229 522 1292 ln
544 1227 678 1292 fornace
702 1232 769 1288 tres
791 1224 902 1288 intacti

485 1337 689 1396 sacramenta
711 1336 785 1392 sunt
807 1327 919 1410 adepti
1164 1319 1253 1386 Odor
1269 1339 1402 1406 quorum
1417 1341 1489 1386 oum
1503 1321 1647 1388 doctrina
1671 1324 1702 1384 ii

524 1433 648 1498 eadem.
1005 1433 1045 1494 to
1163 1431 1228 1489 tam
1250 1432 1376 1490 remota
1399 1445 1495 1508 quam
1517 1425 1621 1491 vicina
1750 1437 1751 1492 ἶ

1163 1529 1269 1611 replet
1291 1529 1365 1593 loca
1387 1537 1421 1592 ot
1444 1527 1555 1593 divina

420 1652 450 1714 3.
485 1648 511 1713 0
534 1669 628 1732 quam
650 1651 731 1713 mira
754 1651 857 1714 virtus
880 1649 950 1732 dei,
1207 1649 1271 1715 ⁰1¹⁰
1292 1631 1454 1697 adhibiti:

487 1773 561 1837 qnae
583 1772 643 1818 nos
666 1761 774 1818 certos
796 1753 904 1817 reddit
925 1751 997 1838 spei

486 1882 547 1945 per
569 1868 636 1925 tros
659 1862 769 1942 viros,

486 1965 530 2029 ad
552 1985 708 2046 quercum
731 1984 812 2047 quos

487 2056 618 2134 Thabor
631 2070 735 2134 fertur
749 2071 982 2134 transmisisse:
1004 2071 1044 2133 15

1098 1831 1127 1894 8.
1159 1826 1273 1892 Laude
1295 1827 1395 1910 digna
1416 1832 1614 1890 venerantur

1163 1939 1196 1996 et
1219 1950 1330 1996 eorum
1354 1929 1560 1996 celebrantur
1673 1925 1704 1986 50

1163 2042 1272 2117 gesta,
1295 2032 1380 2098 testa
1405 2033 1539 2097 orientis

517 2207 523 2221 ,
752 2209 759 2223 ,
1206 2141 1238 2205 in
1262 2139 1419 2218 Francia,
1517 2207 1520 2214 Δ

484 2205 525 2270 Hr
547 2208 699 2272 ferebant
720 2215 804 2272 trina
826 2208 930 2290 dona,

485 2328 546 2391 per
568 2329 641 2393 quae
665 2309 759 2376 datm·
781 2311 856 2377 huic
878 2329 1009 2390 corona,
1162 2276 1272 2344 Aucta
1295 2294 1430 2360 quorum
1453 2295 1497 2340 ex
1519 2275 1674 2380 favore·
1750 2277 1751 2332 t

485 2412 580 2476 trinae
602 2415 666 2478 vjae
1164 2391 1214 2448 est
1235 2381 1395 2467 praecelsa
1418 2388 1451 2445 et
1475 2380 1598 2443 honore

485 2521 578 2579 recto
605 2515 692 2598 peda
886 2543 889 2546 -
1154 2485 1348 2594 ‘Herbipolis
1372 2485 1489 2552 civitas
1511 2499 1595 2547 nuno
1672 2474 1702 2535 55

485 2616 541 2698 qui
562 2618 720 2699 probatur
741 2617 905 2682 institisse.
1003 2619 1045 2682 20
1202 2611 1327 2656 931111ῑᾶ·

419 2833 449 2892 d.
485 2825 599 2894 Arbor
620 2829 708 2894 dicta
1097 2811 1127 2874 9.
1160 2807 1334 2890 Sanguinis
1357 2805 1516 2870 effusione

485 2932 658 2998 benedicta
1162 2923 1196 2978 et
1217 2914 1376 3010 hocloco
1398 2912 1576 2994 sepulturae

486 3036 660 3101 salvatoris
675 3037 852 3122 passione,
1161 3018 1276 3082 horum
1295 3027 1349 3092 ‘est
1371 3016 1498 3079 famosa
1521 3019 1554 3077 et

895 3156 900 3164 ·
1161 3190 1163 3195 ¹
1203 3120 1367 3185 decorata,
1669 3101 1702 3164 ⁶⁰

483 3174 622 3241 Nostras
644 3195 773 3259 quoquc

485 3283 615 3345 umbra„
637 3281 726 3363 sugg,
1003 3281 1044 3342 25
1164 3256 1412 3339 Triumphantes
1436 3273 1518 3339 ergo
1542 3252 1626 3315 viros

485 3384 575 3449 dedit
596 3385 713 3470 pwffll
734 3378 887 3469 ragione,
1162 3362 1333 3427 sanctitate
1355 3360 1415 3425 hos
1439 3368 1509 3424 tres
1531 3356 1625 3421 miros

670 3542 674 3547 .
1161 3465 1234 3529 haec
1256 3470 1289 3527 et
1311 3471 1380 3527 tota
1403 3463 1529 3527 recolat

419 3576 449 3638 ὃ.
480 3574 582 3638 Nobis
605 3574 693 3639 viros
716 3572 980 3657 transmittendo,
1202 3568 1349 3633 ecclesia.

486 3677 637 3741 trinitatis
661 3678 716 3761 qui
736 3677 887 3742 docendo

483 3773 597 3845 verani
618 3781 717 3845 fidem
738 3782 957 3847 instaurarent
1096 3784 1513 3865 taurominitanum
1668 3758 1699 3821 ⁶⁵

1169 3904 1225 3969 spe
1246 3886 1397 3951 mercedis
1418 3891 1446 3949 et
1465 3894 1587 3950 corono

481 3918 525 3985 Et
547 3920 669 3985 erroris
692 3923 839 3987 caecitate
1000 3922 1042 3985 30
1248 3990 1254 4003 ,
1407 3989 1414 4003 .
1439 3990 1446 4001 .
1499 3988 1507 4001 .

1168 3996 1352 4053 servierunt
1374 3994 1525 4067 trinitati,

484 4020 571 4090 victa
589 4025 671 4091 lucis
694 4026 842 4091 claritate
1258 4104 1259 4109 ἵ

482 4128 652 4192 veritatem
672 4124 938 4211 'comprobarent
1170 4126 1230 4195 Oui
1252 4138 1285 4195 et
1307 4146 1368 4193 nos
1390 4123 1580 4201 serviendo,

1168 4232 1298 4314 laudes,
1320 4250 1438 4316 preces
1459 4212 1647 4295 effunderd⁰
1750 4292 1751 4301 ,

417 4319 446 4381 6·
480 4314 577 4381 Servi
600 4316 723 4385 Christi
1169 4336 1241 4420 ejus
1264 4338 1354 4401 mirae
1375 4334 1511 4403 bonitati
1665 4304 1697 4367 ⁷⁰
1750 4328 1751 4415 i

482 4427 558 4483 sunt
580 4427 647 4483 tres
669 4420 741 4483 isti:

482 4521 661 4589 Golonatus
684 4532 718 4586 et
740 4511 926 4587 Thotnauus

711 4625 741 4637 ..
999 4524 1041 4586 3⁵
1095 4560 1145 4622 11.
1168 4554 1349 4621 Exoremus
1372 4554 1465 4620 donis
1488 4551 1577 4636 ejus,

482 4632 516 4689 et
537 4627 652 4691 beatus
678 4622 832 4688 Krlranus.

1167 4676 1227 4722 nos
1251 4666 1315 4721 tam
1337 4658 1431 4723 bonis

482 4764 584 4831 Salve
606 4786 688 4830 vera
1167 4762 1217 4827 iris
1239 4762 1385 4847 patronis

372 4874 375 4877 ’
481 4890 558 4953 spes
581 4871 729 4951 sincera,
1164 4868 1334 4949 conbeari‚

482 4971 633 5038 trinitatis
656 4977 716 5039 sub
740 4975 846 5058 figura
1168 4969 1286 5035 sociari

481 5078 585 5141 nostri
606 5087 672 5144 tam
694 5098 853 5163 expressa
866 5076 964 5146 cura.
996 5080 1037 5143 to
1166 5077 1199 5140 in
1222 5081 1345 5140 aeterna
1366 5074 1488 5157 requie.

1661 4927 1693 4992 tt
