3892 6025
356 657 400 721 94

359 844 401 911 ad
424 840 621 926 diligendum
644 837 770 903 fervide
1039 831 1156 897 ostiola
1178 849 1238 894 vos
1261 832 1378 913 patriae

401 945 582 1011 incendium
606 944 766 1026 praebetc,
1082 936 1157 999 hina
1180 935 1252 999 miri
1274 934 1422 1015 decoris,
1622 937 1666 1001 66

358 1070 410 1115 me
434 1048 475 1113 ad
497 1045 695 1111 noscendum
717 1040 848 1126 limpide
943 1042 984 1102 55
1038 1057 1099 1121 per
1119 1055 1180 1100 vos
1204 1037 1370 1121 culparum
1392 1038 1520 1101 veniam

402 1150 537 1217 scientid
560 1149 695 1232 replete.
1083 1148 1117 1204 et
1139 1140 1278 1222 gratiam
1301 1140 1487 1221 nanciscar,

1038 1259 1184 1327 parvos
1207 1241 1373 1306 coelestem
1395 1242 1533 1324 gloriam

358 1338 440 1403 ⁰¹¹ae
464 1339 560 1403 ⁰¹ivae
582 1337 718 1419 gsiiiaer
1084 1366 1156 1410 curn
1178 1346 1300 1410 sanctis
1324 1345 1496 1428 adipiscar.

404 1459 465 1505 vos
489 1440 545 1504 iiiii
570 1440 769 1524 splendoris,

449 1618 496 1673 Hs.
516 1634 552 1672 an
570 1617 706 1673 Miinchen
732 1615 799 1671 Glm.
818 1616 897 1669 3012.
922 1612 941 1669 f.
959 1614 1003 1667 66.
1030 1615 1064 1667 15
1082 1612 1181 1667 Jahrb.
1205 1615 1270 1681 (Α).
1314 1612 1507 1667 Reiehenauer
1525 1612 1668 1683 Pap-iis.

361 1706 414 1761 No.
433 1708 476 1761 36.
503 1704 547 1760 Bl.
566 1706 625 1760 181.
654 1721 689 1757 nu
716 1703 887 1771 Karisrnhe,
921 1704 953 1755 15
981 1700 1079 1756 Jahrb.
1108 1699 1171 1769 (B).
1208 1699 1272 1754 Vcn
1296 1699 1357 1754 dern
1378 1700 1462 1755 Prior
1481 1702 1593 1757 Kourat
1609 1718 1669 1757 von

361 1792 486 1864 Gamiug.
1388 1789 1394 1799 “

450 1895 543 1953 Ueber
561 1893 606 1948 die
626 1893 810 1964 Verbindung
834 1892 932 1947 beider
950 1891 1073 1962 Apostel
1097 1895 1165 1961 sagt
1182 1892 1313 1961 Acyuain.
1331 1906 1413 1945 terne
1430 1892 1493 1960 298,
1512 1894 1537 1946 1.
1564 1891 1668 1950 Petrus

363 1983 470 2054 primns
487 1980 695 2054 apostolorum,
712 1980 816 2035 Paulus
831 1980 1000 2035 novissimus
1014 1977 1220 2049 apostolorum,
1239 2009 1272 2019 -
1292 1978 1329 2033 ad
1343 1995 1424 2033 unum
1439 1979 1512 2033 diem
1524 1980 1668 2049 passionis

362 2069 417 2125 ribi
437 2072 622 2125 occurrerunt
640 2067 746 2137 primus
765 2072 793 2121 et
811 2066 990 2121 novissimus.
1027 2064 1126 2120 Sermo
1145 2065 1207 2133 299,
1224 2067 1250 2118 2.
1286 2063 1369 2134 deus,
1387 2065 1435 2135 qni
1453 2074 1484 2119 te
1503 2067 1621 2135 primum
1638 2073 1670 2123 et

361 2160 542 2217 novissimum
561 2157 721 2212 oeternitate
741 2155 956 2225 commendavit,
975 2156 1037 2225 ipse
1055 2153 1204 2225 apostolos
1222 2154 1340 2225 primum
1359 2161 1388 2210 et
1405 2155 1586 2211 novissimum
1602 2172 1669 2227 pas-

361 2248 441 2303 sione
460 2245 614 2318 conjunxit.

450 2370 484 2422 13
507 2368 646 2439 perspicis
670 2369 710 2437 Α,
738 2384 769 2422 es
794 2366 906 2421 bezieht
929 2367 991 2421 sich
1014 2364 1068 2422 aui
1087 2367 1131 2421 die
1155 2366 1339 2438 Veridirung
1356 2367 1471 2423 Christi.
1505 2370 1541 2423 32
1559 2385 1616 2424 vox
1633 2370 1666 2424 B.

364 2456 401 2509 36
427 2470 531 2527 magna
557 2456 634 2510 steht
660 2469 714 2510 vor
740 2454 888 2509 luminaria
912 2455 943 2509 B.
989 2457 1024 2509 65
1048 2452 1180 2511 formate
1208 2454 1246 2509 ist
1272 2455 1344 2509 auch
1371 2454 1506 2527 nnldssig.
1546 2457 1582 2511 66
1599 2472 1667 2513 mox

361 2540 429 2597 dise.
448 2543 483 2597 A.
518 2544 554 2597 69
570 2542 688 2613 spiritus
706 2540 725 2598 f.
739 2546 826 2598 sanct.
840 2542 870 2596 B.
906 2544 940 2597 52
954 2558 1008 2598 vos
1022 2542 1179 2597 delatentes
1191 2543 1223 2598 B.
1250 2544 1287 2596 59
1295 2542 1421 2598 bestiola
1429 2544 1488 2613 ΑΒ,
1501 2544 1618 2613 proprie
1632 2546 1666 2601 B.

448 2664 482 2718 V.
501 2667 525 2717 1.
553 2670 662 2735 pastor.
690 2664 817 2736 chrysost.
844 2663 878 2718 de
896 2664 1036 2718 sacerdot
1060 2666 1136 2732 2,1.
1159 2668 1227 2735 segt
1243 2680 1279 2717 ιο
1296 2664 1360 2719 doit
1378 2666 1422 2733 21,
1441 2666 1483 2719 15.
1509 2664 1598 2740 ἐρωτᾷ
1620 2666 1668 2723 τὸν

359 2750 491 2821 μαθητὴν
509 2747 525 2807 ὁ
544 2746 726 2821 διδάσκαλος,
761 2786 785 2796 -
820 2753 863 2806 ἵνα
889 2750 963 2824 ἡμᾶς
988 2749 1101 2825 διδάξή,
1129 2748 1196 2807 ὅσοι
1214 2749 1290 2823 αὐτῷ
1306 2754 1382 2823 μέλει
1399 2750 1448 2823 τῆς
1465 2752 1519 2809 τῶν
1536 2759 1669 2826 ποιμνίων

362 2838 525 2902 ἐπιστασίας
543 2837 653 2895 τούτων.
685 2838 715 2894 S.
734 2838 786 2892 No.
803 2840 907 2907 685,1.

449 2927 484 2981 V.
503 2928 528 2981 9.
560 2926 708 2998 princeps,
736 2925 824 2980 daher
842 2926 930 2981 heisst
948 2941 980 2980 er
997 2922 1207 3000 πρωτόθρονος.
1233 2926 1296 2980 ian.
1322 2928 1365 2981 16.
1414 2926 1554 2983 Primmus
1581 2930 1668 2987 Petro

362 3016 462 3086 datur,
481 3021 512 3070 ut
530 3031 585 3071 nna
604 3015 709 3070 Christi
726 3015 849 3072 ecclesia
866 3019 896 3070 et
916 3014 1052 3069 cathedra
1070 3029 1126 3068 una
1145 3018 1327 3069 monstretur.
1359 3014 1388 3070 S.
1407 3016 1531 3086 Cypriani
1549 3018 1583 3072 de
1600 3020 1670 3076 unit.

362 3103 556 3173 οοο1.ρ.397.
593 3102 729 3173 Princeps
748 3102 960 3173 apostolorum,
990 3099 1123 3170 princeps
1142 3105 1286 3156 tantorum
1304 3101 1469 3172 principum.
1506 3102 1536 3158 S.
1555 3109 1668 3164 Αιιιιιιή

362 3201 435 3251 oret.
454 3196 496 3249 66.

451 3285 485 3340 V.
504 3286 547 3338 10.
572 3284 708 3339 ecelesiae.
737 3283 835 3340 Gestat
853 3285 954 3340 Petrus
972 3283 1136 3356 pierumque
1155 3283 1285 3338 ecelesiae
1302 3299 1461 3355 personam.
1487 3283 1517 3339 S.
1535 3284 1670 3352 depretiari

362 3389 456 3429 sermo
484 3373 535 3442 55,
565 3374 606 3430 10.
648 3371 832 3443 Evangelinm
863 3372 996 3426 admonet
1019 3387 1071 3426 nos
1097 3369 1258 3442 intelligere
1282 3386 1360 3426 mare
1384 3387 1510 3442 praesens
1534 3369 1669 3425 saeculnm

363 3476 435 3528 esse,
454 3459 569 3514 Petrum
586 3474 656 3514 vero
675 3458 835 3528 apostolum
854 3459 898 3528 (in
918 3459 1015 3529 Bezng
1034 3454 1088 3512 ani
1100 3457 1198 3514 Mettis.
1217 3460 1265 3527 16,
1282 3457 1404 3527 28-31)
1429 3457 1559 3512 ecelesiae
1576 3458 1669 3513 nnicae

363 3552 469 3617 typum.
519 3546 581 3616 ipse
608 3545 681 3601 enim
708 3546 808 3600 Petrus
836 3547 864 3602 in
891 3546 1087 3616 apostolorum
1114 3545 1213 3600 ordine
1236 3545 1356 3616 primns,
1388 3546 1416 3600 in
1441 3546 1548 3602 Christi
1571 3562 1669 3602 amore
1775 3574 1776 3595 ι

364 3633 586 3704 promtissimus,
614 3650 690 3704 saepe
708 3651 779 3688 unus
797 3634 952 3704 respondet
968 3650 1022 3704 pro
1042 3632 1177 3688 omnibus.
1207 3664 1239 3674 -
1272 3633 1380 3689 Nomen
1398 3633 1500 3689 Petrus
1518 3651 1536 3690 a
1554 3635 1668 3690 domino

363 3721 524 3792 impositum
542 3727 594 3792 est,
613 3727 643 3776 et
660 3722 715 3777 hoc
733 3723 761 3777 in
781 3739 815 3776 ea
833 3720 933 3794 figura,
952 3729 985 3778 ut
1002 3718 1179 3794 significaret
1196 3723 1351 3778 ecelesiam.
1378 3724 1467 3790 Ejusd.
1485 3738 1566 3778 serrn
1585 3723 1666 3791 76,1.

364 3809 465 3865 Petrus
483 3810 612 3866 ecclesis
630 3806 751 3882 figuram
770 3817 875 3881 portat,
893 3811 1074 3882 apostolatus
1091 3810 1286 3881 principatum.
1312 3810 1379 3864 ibid.
1400 3812 1443 3880 76,
1460 3813 1486 3866 3.
1515 3811 1575 3879 169,
1593 3812 1619 3863 1.

450 3898 483 3954 V.
504 3901 546 3952 11.
573 3899 621 3968 τῆς
638 3899 795 3969 οἰκουμένης
813 3896 990 3960 διδάσκαλος.
1027 3897 1155 3968 Chrysosi.
1174 3902 1275 3952 eontra
1292 3912 1383 3954 auom.
1402 3897 1432 3967 8,
1450 3898 1477 3952 3.

450 3984 484 4040 V.
503 3987 545 4040 33.
574 3982 717 4061 φωστῆρες
736 3981 762 4040 ὁι
779 3983 896 4062 μεγάλοι
915 3981 963 4056 τῆς
982 3985 1131 4054 ἐκκλησίας.
1157 3984 1221 4038 dun.
1239 3984 1282 4038 29.

448 4072 482 4126 V.
501 4074 544 4126 61.
567 4070 650 4126 tubae.
677 4073 790 4134 Παολος
808 4071 932 4144 σάλπιγξ
950 4074 1026 4127 θεία.
1044 4071 1126 4128 Febr.
1146 4074 1187 4125 15.
1223 4071 1351 4142 Ciryaoet
1369 4071 1404 4125 de
1423 4077 1510 4126 terrea
1526 4075 1605 4128 motu
1618 4072 1667 4127 eii

363 4165 448 4215 nennt
465 4159 517 4214 den
537 4157 658 4230 Apostel
675 4156 781 4212 Paulus
799 4156 868 4234 λύρα
887 4158 936 4214 τοῦ
956 4157 1120 4231 πνεύματος.

457 4247 489 4302 V.
508 4250 550 4301 55.
576 4245 704 4301 Andreas
722 4261 780 4301 von
797 4245 958 4302 Jerusalem
975 4252 1063 4302 neunt
1080 4247 1122 4303 sie
1141 4245 1168 4301 ὁι
1185 4244 1234 4318 τῆς
1251 4243 1367 4322 χάριτος
1385 4243 1500 4322 ἐκλὸροι
1526 4245 1589 4300 dnn.
1607 4246 1651 4304 29.

619 4601 706 4676 687.
746 4600 939 4700 Sequentia
967 4600 1065 4673 des.
1092 4601 1204 4673 Petro
1231 4611 1265 4673 et
1290 4599 1418 4672 Panic.

363 4839 445 4933 Duae
467 4860 547 4904 vere
571 4850 645 4905 sunt
667 4843 780 4922 olivae,
1043 4839 1158 4921 quibus
1182 4835 1262 4901 Sion
1285 4845 1336 4901 est
1358 4837 1520 4920 compluta

361 4961 423 5026 per
448 4959 529 5024 qnos
551 4943 673 5026 plantae
695 4941 868 5027 primitivae
1043 4948 1077 5006 et
1099 4940 1233 5005 coeleste
1252 4939 1396 5007 delibuta
1648 4942 1668 5002 5

405 5053 582 5110 noscuntur
604 5045 773 5128 ecclesiae,
1085 5043 1190 5109 Roma
1212 5063 1290 5110 rore
1312 5045 1437 5127 gratiae.
