3892 6025
375 657 440 722 198

373 845 483 911 Annae
504 843 618 910 laudea
637 843 844 929 persolvere,
1052 845 1151 913 Anna
1174 856 1302 930 sancta,
1326 851 1378 914 fac
1400 850 1498 915 filiam

374 949 470 1015 dulce
492 950 594 1013 melos
617 948 809 1033 depromere
1054 957 1140 1016 tuam
1164 953 1257 1018 nohis
1280 954 1470 1037 propitiam,

374 1073 437 1138 pro
460 1063 551 1119 tanto
573 1055 668 1120 decet
689 1074 836 1138 munere,
958 1057 998 1117 15
1053 1064 1088 1120 ut
1109 1056 1210 1139 ipsine
1232 1077 1293 1140 per
1315 1059 1453 1140 gratiam

374 1156 462 1240 quod
481 1157 595 1221 meruit
617 1157 690 1221 haec
712 1157 858 1239 gignere.
1051 1154 1245 1223 reducamur
1269 1159 1309 1222 ad
1333 1162 1480 1243 patriam.

373 1341 482 1408 Annae
504 1363 615 1408 omnes
638 1345 842 1428 applaudite,
1052 1343 1151 1409 Almo
1173 1348 1258 1430 patri
1282 1349 1323 1411 sit
1345 1349 1465 1432 gloria,

373 1466 435 1511 vos
456 1447 572 1513 dentes
596 1450 769 1530 concinite,
1053 1447 1124 1528 ejus
1147 1457 1223 1511 nato
1246 1451 1397 1534 victorie,
1535 1435 1538 1441 ¹

374 1569 476 1616 voces
498 1553 531 1616 in
554 1552 651 1617 altum
674 1554 803 1637 pellite,
1052 1551 1177 1634 spiritui
1200 1552 1241 1615 sit
1263 1554 1370 1635 gratia

373 1660 486 1735 grates
510 1655 541 1717 ei
562 1653 746 1738 impendite.
957 1654 999 1717 20
1052 1673 1113 1739 per
1134 1657 1327 1721 saeculorum
1348 1658 1477 1722 saecula.

465 1837 513 1894 111.
531 1855 566 1892 11
585 1838 615 1892 S.
634 1837 705 1893 Panl
725 1839 753 1893 in
772 1840 897 1894 Kirnten
915 1838 969 1894 No.
993 1841 1034 1892 13.
1052 1835 1071 1892 f.
1087 1840 1129 1893 99.
1149 1841 1198 1894 des
1218 1843 1251 1894 15
1264 1841 1363 1897 Jahrh.
1398 1842 1468 1897 dede
1487 1820 1612 1913 Strophe
1630 1843 1678 1898 he-

372 1924 454 1996 ginnt
480 1925 531 1980 mit
559 1925 648 1980 einem
672 1927 711 1994 Α,
738 1925 794 1980 und
818 1927 837 1979 h
863 1925 914 1982 mit
939 1928 1038 1995 Mna,
1072 1926 1217 1984 vielleieht
1240 1928 1279 1984 iat
1295 1928 1383 1984 daher
1401 1930 1474 1985 auch
1496 1933 1510 1984 1
1529 1930 1586 1985 and
1604 1933 1620 1984 h
1639 1947 1675 1985 au

372 2012 464 2068 lesen:
483 2015 572 2068 Annae
590 2018 696 2082 assunt,
714 2012 771 2068 und
788 2015 877 2069 Annae
896 2013 985 2068 alvaa.

459 2140 477 2191 3
495 2138 553 2205 eie,
573 2137 622 2191 111.
659 2139 692 2190 12
710 2140 778 2207 poet
796 2137 882 2204 hanc,
901 2135 949 2190 111.
986 2136 1020 2190 18
1038 2136 1147 2191 seheint
1164 2136 1339 2206 verdorhen,
1358 2153 1389 2192 ee
1407 2135 1480 2192 fehlt
1498 2137 1559 2192 eine
1578 2136 1676 2208 Sylhe.

746 2456 834 2532 804.
871 2455 930 2529 De
956 2482 983 2529 s.
1011 2455 1129 2533 Anna.
1176 2457 1299 2528 oretio.

372 2693 486 2760 Gaude
508 2694 587 2760 ielix
607 2692 706 2760 Anne
717 2743 725 2777 ,
1093 2716 1169 2778 quae
1187 2697 1282 2779 virgo
1306 2695 1401 2760 deum
1424 2698 1569 2782 peperit,

370 2797 549 2881 concepisti
566 2796 707 2882 prolem,
1050 2809 1152 2865 mater
1175 2807 1226 2864 est
1247 2801 1383 2864 messiae.

415 2919 488 2982 quae
509 2901 656 2983 paritura
677 2901 784 2966 tuerat
861 2948 863 2953 -

369 3003 480 3069 mundi
501 3005 708 3070 salvatorem.
1050 2987 1164 3055 11111119
1186 2988 1265 3055 felix
1282 2986 1399 3077 Annae

1049 3095 1121 3159 sola
1143 3096 1300 3177 meruisti,

370 3195 485 3281 (laude
508 3196 587 3261 ielix
608 3193 721 3278 Anna,
976 3198 995 3257 5
1092 3205 1127 3262 nt
1149 3216 1240 3261 esses
1260 3207 1363 3263 mater
1385 3199 1520 3281 virginis
1632 3201 1672 3261 15

369 3308 475 3365 mater
496 3320 626 3384 magnae
646 3298 765 3385 prolis,
1048 3301 1161 3365 matris
1184 3302 1264 3367 ‚lesu
1287 3301 1415 3368 Christi.

413 3422 457 3467 ex
478 3409 511 3467 te
533 3405 695 3487 processit
717 3403 852 3469 rutilans

369 3505 467 3571 stella
489 3506 602 3570 summi
623 3506 711 3570 solis.
1049 3490 1162 3556 Gaude
1185 3492 1264 3557 felix
1284 3490 1400 3577 Anna,

1046 3594 1154 3678 gande
1177 3594 1245 3657 sine
1269 3595 1351 3676 fine,

369 3695 484 3763 Gaude
507 3698 585 3762 lelix
606 3696 725 3780 Anna,
1090 3705 1123 3762 et
1144 3716 1207 3782 pro
1228 3718 1419 3784 mepreces
1442 3700 1576 3783 porrige

368 3800 512 3883 genitrix
533 3800 664 3886 Mariae,
955 3802 995 3865 10
1036 3787 1202 3866 ¹emiorum
1224 3803 1358 3885 reginae.
1627 3800 1671 3864 20

456 3989 504 4043 lls.
523 4006 559 4044 au
576 3990 675 4057 idaim,
692 3990 766 4060 Aug.
785 3988 837 4043 No.
851 3989 912 4042 139.
930 3982 1016 4041 Mill
1036 3984 1085 4040 der
1107 3988 1140 4039 15
1158 3985 1256 4041 dahrh
1275 3985 1342 4055 (hl).
1379 3985 1426 4039 111.
1446 4001 1479 4040 an
1494 3983 1672 4039 Lichtenthal

366 4074 414 4129 he'i
431 4074 536 4144 Baden,
556 4079 589 4130 15
606 4076 706 4134 Jahrb.
730 4075 793 4145 (L).
837 4068 1603 4147 91111111.11111111111111111115111111111111ε
1639 4077 1671 4127 et

366 4177 422 4232 pro
440 4164 503 4235 ejus
521 4178 618 4218 amore
637 4163 780 4219 intercede
797 4178 852 4233 pro
870 4178 914 4215 me
932 4165 1099 4233 peccatore,
1118 4165 1171 4216 etc.

459 4283 1056 4358 21111111,113111181111111111111.
1092 4287 1193 4340 3erat
1209 4299 1271 4353 par.
1289 4282 1347 4337 th.
1385 4283 1419 4337 1⁰
1433 4281 1552 4355 virginis
1561 4280 1629 4337 hlar.
1639 4280 1671 4336 1..
1776 4266 1777 4277 ¹

365 4378 400 4429 12
419 4382 449 4431 et
465 4379 531 4430 mut
549 4373 608 4429 Lhi.
646 4375 681 4426 13
699 4373 780 4428 Anna
799 4370 872 4427 fehlt
889 4372 918 4426 h.
954 4372 990 4426 11
1007 4388 1070 4442 qnae
1088 4371 1152 4427 sola
1170 4370 1228 4425 th.
1266 4371 1300 4424 to
1318 4369 1423 4425 domini
1441 4370 1532 4425 nostri
1549 4370 1575 4425 1.
1589 4368 1621 4427 (i.
1638 4368 1670 4423 L.

365 4463 400 4516 18
418 4462 510 4535 gande
528 4459 602 4517 fehlt
619 4462 648 4516 h
685 4463 720 4516 19
738 4466 767 4518 11
785 4458 858 4518 fehlt
875 4460 934 4516 le.

710 4746 799 4821 805.
830 4747 890 4818 De
912 4771 942 4818 1.
967 4744 1087 4819 Anna.
1126 4745 1318 4842 sequentia.

361 4962 491 5029 Nardns
513 4967 616 5050 spirat
638 4968 671 5029 in
693 4964 829 5031 odorem
1042 4964 1101 5030 aed
1124 4963 1184 5027 1111
1208 4963 1331 5028 fructos
1355 4963 1412 5028 dat
1433 4963 1588 5027 honorem

360 5078 395 5134 et
416 5070 575 5154 spinetum
597 5072 725 5158 prolert
745 5071 876 5153 florem,
1087 5068 1175 5152 regia
1197 5067 1229 5130 in
1249 5069 1408 5133 aceubitu.
