3892 6025
685 1108 771 1182 652.
808 1108 866 1180 De
892 1134 920 1179 s.
944 1105 1111 1181 Jabanne
1137 1106 1299 1206 baptista.

351 1335 450 1402 Salve
474 1338 645 1403 lohannes
669 1338 780 1419 hodie,

351 1460 444 1523 quem
468 1460 528 1503 rex
550 1442 703 1523 perennis
726 1441 866 1523 gloriae·

393 1562 463 1626 prae
487 1543 604 1606 ceteris
625 1544 787 1625 respexit,

349 1646 534 1727 lohannes,
558 1645 611 1709 dei
633 1650 755 1729 gratia,

349 1770 410 1833 per
433 1750 520 1815 orbis
543 1758 643 1814 terrae
666 1753 772 1835 spatia

394 1862 425 1918 te
449 1854 554 1939 major
578 1873 641 1919 non
664 1856 813 1919 surrexit.
915 1906 924 1932 ,

349 2044 432 2111 Nam
456 2045 604 2129 Gabriel,
628 2047 686 2128 qui
705 2045 824 2111 domini

351 2158 542 2234 conceptum
565 2170 693 2217 sacrum
715 2150 833 2233 virgini

395 2252 561 2318 denuntiat
582 2254 713 2337 Mariae,

350 2355 404 2420 bic
425 2356 536 2439 templi
558 2357 590 2420 in
616 2358 750 2422 oraculo

349 2460 429 2525 ioris
451 2468 577 2524 astante
602 2462 724 2545 populo

393 2563 540 2645 promisit
562 2562 752 2646 Zachariae,

349 2748 443 2815 Licet
465 2758 562 2815 aetate
590 2749 703 2831 debili,

349 2853 521 2919 lllizabetb
544 2874 587 2917 ex
610 2854 712 2916 sterili

393 2964 426 3020 te
448 2956 520 3022 fore
542 2957 752 3039 naseiturum,

351 3079 483 3143 nomen,
506 3060 637 3124 vivendi
660 3061 812 3144 studium,

350 3165 450 3230 offleii
471 3165 683 3249 praeconium,
809 3155 815 3162 ’

393 3278 426 3334 te
449 3288 599 3354 magnum
621 3269 686 3334 fert
707 3269 860 3351 futurum,

348 3460 551 3544 Replendum
572 3469 685 3526 sancto
709 3461 824 3543 spiritu

350 3563 456 3628 adhuc
478 3564 511 3626 in
532 3565 656 3627 ventris
679 3563 799 3628 ambitu

393 3668 462 3732 siue
486 3667 590 3751 culpae
615 3666 763 3749 sequela:

349 3768 409 3834 sed
430 3768 609 3834 Zacharias
631 3769 802 3850 tremulus,

349 3874 458 3938 verbis
482 3873 553 3958 ejus
576 3873 780 3954 incredulus,

390 3977 539 4060 privatur
560 3995 635 4041 mox
657 3976 796 4060 loquela.

348 4168 495 4236 Inclusus
517 4168 639 4232 ventris
662 4168 786 4251 gremio
832 4233 839 4240 „

348 4282 384 4337 lu
406 4270 575 4336 exultabas
597 4268 718 4351 gaudio

393 4375 436 4440 ad
458 4393 572 4439 vocem
595 4373 763 4438 salutantis

347 4479 478 4562 Mariae,
497 4497 570 4544 enm
592 4477 746 4542 auriculae

347 4583 488 4648 insonuit
510 4581 648 4646 aniculae

390 4685 560 4751 Ehzabetn
583 4682 792 4770 praegnantis.

348 4874 527 4940 Occursare
551 4873 692 4958 tripudio

348 4989 382 5045 tn
404 4979 506 5062 gestis
529 4978 582 5042 dei
605 4977 672 5044 filio

390 5083 422 5146 in
441 5081 568 5166 virgine
589 5083 728 5165 latente;

1027 1337 1224 1403 subtrahitur
1247 1337 1417 1420 moestitia,

1028 1458 1122 1521 qnam
1145 1440 1292 1523 pluribus
1316 1441 1428 1504 laetitia

1071 1542 1236 1605 confertur
1259 1551 1291 1605 te
1314 1549 1476 1606 nascente.

1027 1726 1107 1793 Cum
1130 1738 1186 1794 tua
1208 1730 1447 1795 circumciditur

1028 1851 1123 1912 caro,
1143 1852 1163 1895 a
1184 1840 1278 1915 patre
1301 1834 1468 1897 scribitur:

1072 1937 1258 2019 ,lohannes
1278 1933 1488 2001 nominatur“.

1027 2058 1094 2105 vox
1116 2040 1222 2104 atatim
1244 2040 1292 2103 illi
1313 2040 1475 2122 redditur,

1028 2162 1091 2225 qua
1116 2143 1197 2207 deus
1215 2142 1432 2227 benedicitur,

1069 2247 1163 2329 plebs
1187 2248 1290 2311 amnis
1313 2246 1497 2312 admiratur.

1026 2439 1075 2503 'l'n
1096 2440 1128 2504 in
1153 2427 1291 2504 desertis
1314 2440 1440 2522 latitaS,

1025 2563 1108 2626 puer
1130 2562 1276 2608 seorsum
1302 2545 1430 2609 habitas

1069 2647 1197 2711 virtutis
1221 2650 1262 2713 ob
1286 2658 1506 2731 augmentum,

1025 2750 1160 2814 locustae
1182 2750 1279 2814 mella
1301 2751 1446 2833 epulum,

1026 2853 1147 2918 llnenta
1169 2862 1286 2936 parant
1306 2854 1476 2938 poculum,

1072 2956 1186 3021 cameli
1207 2963 1435 3039 tegumentum.

1026 3144 1172 3209 Diversis
1195 3143 1360 3209 dissimilia

1027 3249 1140 3313 salutis
1163 3249 1244 3313 dans
1267 3252 1402 3316 consilia

1070 3353 1155 3415 viam
1179 3351 1307 3418 Christo
1331 3356 1488 3437 parabas,

1026 3456 1186 3538 baptisma
1209 3456 1290 3521 dans
1312 3458 1434 3522 notitiae

1027 3554 1162 3639 Christi,
1185 3558 1246 3621 sed
1267 3559 1465 3643 poenitentiae

1060 3662 1260 3745 baptismum
1282 3662 1495 3746 praedicabas.

1025 3855 1105 3921 Cum
1127 3856 1158 3919 in
1181 3853 1336 3919 Jordanis
1361 3851 1489 3917 lluminc

1025 3959 1105 4024 dens
1128 3965 1222 4022 natus
1245 3976 1286 4019 ex
1309 3956 1436 4037 uirgine

1068 4081 1088 4125 a
1110 4067 1143 4123 te
1166 4059 1410 4142 baptizabatur,

1024 4182 1107 4229 voce
1130 4171 1225 4247 pater
1246 4162 1408 4244 ingenitus

1024 4275 1057 4332 et
1079 4267 1112 4330 in
1134 4267 1282 4332 columba
1305 4265 1437 4349 spiritus

1066 4371 1125 4437 tibi
1148 4371 1365 4435 revelabatur.
1507 4361 1508 4364 '

1022 4562 1155 4647 Agnum
1177 4561 1231 4625 dei
1253 4562 1406 4641 existere,

1022 4676 1159 4754 peecata
1182 4665 1290 4729 mundi
1314 4666 1430 4731 tollere

1067 4773 1180 4838 Jesum
1202 4790 1274 4836 cum
1295 4770 1479 4853 indicabas,

1024 4877 1056 4940 ei
1077 4878 1119 4940 ob
1143 4874 1368 4938 excellentiam

1024 4987 1057 5044 te
1079 4979 1209 5043 solvere
1233 4977 1406 5060 corrigiam

1067 5081 1231 5165 indignum
1249 5081 1431 5166 judicabas.
