<?xml version="1.0" encoding="UTF-8"?>
<!DOCTYPE html PUBLIC "-//W3C//DTD XHTML 1.0 Transitional//EN"
    "http://www.w3.org/TR/xhtml1/DTD/xhtml1-transitional.dtd">
<html xmlns="http://www.w3.org/1999/xhtml" xml:lang="en" lang="en">
 <head>
  <title>
</title>
<meta http-equiv="Content-Type" content="text/html;charset=utf-8" />
  <meta name='ocr-system' content='tesseract 3.04.00' />
  <meta name='ocr-capabilities' content='ocr_page ocr_carea ocr_par ocr_line ocrx_word'/>
</head>
<body>
  <div class='ocr_page' id='page_1' title='image "./hymnilatinimedi00monegoog/hymnilatinimedi00monegoog_0452.png"; bbox 0 0 3892 6025; ppageno 0'>
   <div class='ocr_carea' id='block_1_1' title="bbox 351 643 416 705">
    <p class='ocr_par' dir='ltr' id='par_1_1' title="bbox 351 643 416 705">
     <span class='ocr_line' id='line_1_1' title="bbox 351 643 416 705; baseline 0 0"><span class='ocrx_word' id='word_1_1' title='bbox 351 643 416 705; x_wconf 72' lang='lat'><strong>442</strong></span> 
     </span>
    </p>
   </div>
   <div class='ocr_carea' id='block_1_2' title="bbox 351 817 1661 2455">
    <p class='ocr_par' dir='ltr' id='par_1_2' title="bbox 351 817 1661 1919">
     <span class='ocr_line' id='line_1_2' title="bbox 352 817 1658 893; baseline -0.003 -14"><span class='ocrx_word' id='word_1_2' title='bbox 352 823 404 879; x_wconf 89' lang='lat' dir='ltr'><strong>sed</strong></span> <span class='ocrx_word' id='word_1_3' title='bbox 420 838 478 879; x_wconf 90' lang='lat' dir='ltr'><strong>non</strong></span> <span class='ocrx_word' id='word_1_4' title='bbox 495 822 655 893; x_wconf 73' lang='lat' dir='ltr'><strong>tyrannidis</strong></span> <span class='ocrx_word' id='word_1_5' title='bbox 680 837 758 877; x_wconf 86' lang='lat' dir='ltr'><strong>usum</strong></span> <span class='ocrx_word' id='word_1_6' title='bbox 786 821 917 893; x_wconf 74' lang='lat' dir='ltr'><strong>deposuit</strong></span> <span class='ocrx_word' id='word_1_7' title='bbox 941 826 971 877; x_wconf 92' lang='lat' dir='ltr'><strong>et</strong></span> <span class='ocrx_word' id='word_1_8' title='bbox 997 822 1060 877; x_wconf 86' lang='lat' dir='ltr'><strong>rice</strong></span> <span class='ocrx_word' id='word_1_9' title='bbox 1085 836 1139 877; x_wconf 86' lang='lat' dir='ltr'><strong>sus</strong></span> <span class='ocrx_word' id='word_1_10' title='bbox 1156 820 1350 878; x_wconf 60' lang='lat' dir='ltr'><strong>&amp;mnndum</strong></span> <span class='ocrx_word' id='word_1_11' title='bbox 1371 819 1464 876; x_wconf 86' lang='lat' dir='ltr'><strong>virum</strong></span> <span class='ocrx_word' id='word_1_12' title='bbox 1479 817 1658 875; x_wconf 81' lang='lat' dir='ltr'><strong>mih&#39;asimum</strong></span> 
     </span>
     <span class='ocr_line' id='line_1_3' title="bbox 352 907 1657 980; baseline -0.003 -15"><span class='ocrx_word' id='word_1_13' title='bbox 352 909 454 977; x_wconf 79' lang='lat' dir='ltr'><strong>ltalia,</strong></span> <span class='ocrx_word' id='word_1_14' title='bbox 480 907 595 965; x_wconf 72' lang='lat' dir='ltr'><strong>Africa</strong></span> <span class='ocrx_word' id='word_1_15' title='bbox 619 913 649 965; x_wconf 89' lang='lat' dir='ltr'><strong>et</strong></span> <span class='ocrx_word' id='word_1_16' title='bbox 667 907 768 965; x_wconf 80' lang='lat' dir='ltr'><strong>Galliis</strong></span> <span class='ocrx_word' id='word_1_17' title='bbox 791 913 941 980; x_wconf 88' lang='lat' dir='ltr'><strong>augustum</strong></span> <span class='ocrx_word' id='word_1_18' title='bbox 965 924 1029 964; x_wconf 89' lang='lat' dir='ltr'><strong>esse</strong></span> <span class='ocrx_word' id='word_1_19' title='bbox 1056 907 1209 965; x_wconf 75' lang='lat' dir='ltr'><strong>wustituit</strong></span> <span class='ocrx_word' id='word_1_20' title='bbox 1244 907 1360 965; x_wconf 70' lang='lat' dir='ltr'><strong>limenio</strong></span> <span class='ocrx_word' id='word_1_21' title='bbox 1376 922 1447 963; x_wconf 89' lang='lat' dir='ltr'><strong>vero</strong></span> <span class='ocrx_word' id='word_1_22' title='bbox 1465 910 1568 963; x_wconf 80' lang='lat' dir='ltr'><strong>ceterae</strong></span> <span class='ocrx_word' id='word_1_23' title='bbox 1585 922 1657 977; x_wconf 81' lang='lat' dir='ltr'><strong>pro-</strong></span> 
     </span>
     <span class='ocr_line' id='line_1_4' title="bbox 353 991 1661 1067; baseline -0.004 -16"><span class='ocrx_word' id='word_1_24' title='bbox 353 995 455 1051; x_wconf 83' lang='lat' dir='ltr'><strong>vinciae</strong></span> <span class='ocrx_word' id='word_1_25' title='bbox 488 994 629 1066; x_wconf 87' lang='lat' dir='ltr'><strong>delegatae</strong></span> <span class='ocrx_word' id='word_1_26' title='bbox 661 1000 735 1051; x_wconf 90' lang='lat' dir='ltr'><strong>sunt.</strong></span> <span class='ocrx_word' id='word_1_27' title='bbox 788 994 845 1051; x_wconf 83' lang='lat' dir='ltr'><strong>Sed</strong></span> <span class='ocrx_word' id='word_1_28' title='bbox 869 995 1051 1053; x_wconf 82' lang='lat' dir='ltr'><strong>Constantius</strong></span> <span class='ocrx_word' id='word_1_29' title='bbox 1076 992 1176 1051; x_wconf 78' lang='lat' dir='ltr'><strong>Galliis</strong></span> <span class='ocrx_word' id='word_1_30' title='bbox 1203 993 1400 1067; x_wconf 78' lang='lat' dir='ltr'><strong>Hispaniisque</strong></span> <span class='ocrx_word' id='word_1_31' title='bbox 1429 996 1577 1047; x_wconf 86' lang='lat' dir='ltr'><strong>contentus</strong></span> <span class='ocrx_word' id='word_1_32' title='bbox 1602 991 1661 1047; x_wconf 83' lang='lat' dir='ltr'><strong>bas</strong></span> 
     </span>
     <span class='ocr_line' id='line_1_5' title="bbox 352 1075 1657 1154; baseline -0.002 -15"><span class='ocrx_word' id='word_1_33' title='bbox 352 1098 455 1154; x_wconf 87' lang='lat' dir='ltr'><strong>magna</strong></span> <span class='ocrx_word' id='word_1_34' title='bbox 480 1080 690 1137; x_wconf 72' lang='lat' dir='ltr'><strong>mansuetudine</strong></span> <span class='ocrx_word' id='word_1_35' title='bbox 721 1082 900 1153; x_wconf 87' lang='lat' dir='ltr'><strong>gubernabat</strong></span> <span class='ocrx_word' id='word_1_36' title='bbox 926 1086 955 1137; x_wconf 91' lang='lat' dir='ltr'><strong>et</strong></span> <span class='ocrx_word' id='word_1_37' title='bbox 982 1080 1117 1141; x_wconf 86' lang='lat' dir='ltr'><strong>ecclesias</strong></span> <span class='ocrx_word' id='word_1_38' title='bbox 1142 1080 1188 1136; x_wconf 90' lang='lat' dir='ltr'><strong>dei</strong></span> <span class='ocrx_word' id='word_1_39' title='bbox 1213 1081 1300 1137; x_wconf 90' lang='lat' dir='ltr'><strong>nullis</strong></span> <span class='ocrx_word' id='word_1_40' title='bbox 1323 1079 1462 1137; x_wconf 87' lang='lat' dir='ltr'><strong>molestiis</strong></span> <span class='ocrx_word' id='word_1_41' title='bbox 1490 1075 1657 1136; x_wconf 87' lang='lat' dir='ltr'><strong>infestabat.</strong></span> 
     </span>
     <span class='ocr_line' id='line_1_6' title="bbox 352 1162 1659 1240; baseline -0.005 -13"><span class='ocrx_word' id='word_1_42' title='bbox 352 1184 468 1240; x_wconf 88' lang='lat' dir='ltr'><strong>cumque</strong></span> <span class='ocrx_word' id='word_1_43' title='bbox 486 1168 577 1227; x_wconf 90' lang='lat' dir='ltr'><strong>adhuc</strong></span> <span class='ocrx_word' id='word_1_44' title='bbox 594 1169 762 1226; x_wconf 84' lang='lat' dir='ltr'><strong>blaximiauo</strong></span> <span class='ocrx_word' id='word_1_45' title='bbox 780 1169 893 1225; x_wconf 89' lang='lat' dir='ltr'><strong>vivente</strong></span> <span class='ocrx_word' id='word_1_46' title='bbox 917 1168 947 1225; x_wconf 89' lang='lat' dir='ltr'><strong>in</strong></span> <span class='ocrx_word' id='word_1_47' title='bbox 970 1168 1130 1225; x_wconf 69' lang='lat' dir='ltr'><strong>Brittannia</strong></span> <span class='ocrx_word' id='word_1_48' title='bbox 1156 1168 1231 1223; x_wconf 66' lang='lat' dir='ltr'><strong>mem</strong></span> <span class='ocrx_word' id='word_1_49' title='bbox 1255 1169 1365 1237; x_wconf 88' lang='lat' dir='ltr'><strong>obiret,</strong></span> <span class='ocrx_word' id='word_1_50' title='bbox 1388 1165 1575 1225; x_wconf 78' lang='lat' dir='ltr'><strong>Constantino</strong></span> <span class='ocrx_word' id='word_1_51' title='bbox 1592 1162 1659 1221; x_wconf 85' lang='lat' dir='ltr'><strong>filio</strong></span> 
     </span>
     <span class='ocr_line' id='line_1_7' title="bbox 351 1248 1656 1329; baseline -0.003 -16"><span class='ocrx_word' id='word_1_52' title='bbox 351 1274 404 1315; x_wconf 89' lang='lat' dir='ltr'><strong>suo</strong></span> <span class='ocrx_word' id='word_1_53' title='bbox 431 1256 593 1327; x_wconf 83' lang='lat' dir='ltr'><strong>provincias</strong></span> <span class='ocrx_word' id='word_1_54' title='bbox 620 1248 732 1313; x_wconf 83' lang='lat' dir='ltr'><strong>easdem</strong></span> <span class='ocrx_word' id='word_1_55' title='bbox 755 1256 895 1329; x_wconf 88' lang='lat' dir='ltr'><strong>regendas</strong></span> <span class='ocrx_word' id='word_1_56' title='bbox 919 1255 1077 1327; x_wconf 88' lang='lat' dir='ltr'><strong>dereliquit</strong></span> <span class='ocrx_word' id='word_1_57' title='bbox 1111 1256 1160 1327; x_wconf 92' lang='lat' dir='ltr'><strong>qui</strong></span> <span class='ocrx_word' id='word_1_58' title='bbox 1178 1253 1355 1313; x_wconf 89' lang='lat' dir='ltr'><strong>confortatus</strong></span> <span class='ocrx_word' id='word_1_59' title='bbox 1373 1256 1403 1311; x_wconf 90' lang='lat' dir='ltr'><strong>iu</strong></span> <span class='ocrx_word' id='word_1_60' title='bbox 1420 1253 1555 1325; x_wconf 84' lang='lat' dir='ltr'><strong>imperio,</strong></span> <span class='ocrx_word' id='word_1_61' title='bbox 1589 1254 1656 1309; x_wconf 88' lang='lat' dir='ltr'><strong>dum</strong></span> 
     </span>
     <span class='ocr_line' id='line_1_8' title="bbox 351 1341 1658 1415; baseline 0 -18"><span class='ocrx_word' id='word_1_62' title='bbox 351 1344 434 1415; x_wconf 88' lang='lat' dir='ltr'><strong>regni</strong></span> <span class='ocrx_word' id='word_1_63' title='bbox 450 1342 560 1399; x_wconf 88' lang='lat' dir='ltr'><strong>romani</strong></span> <span class='ocrx_word' id='word_1_64' title='bbox 577 1344 768 1403; x_wconf 67' lang='lat' dir='ltr'><strong>monarchiam</strong></span> <span class='ocrx_word' id='word_1_65' title='bbox 784 1360 836 1415; x_wconf 90' lang='lat' dir='ltr'><strong>per</strong></span> <span class='ocrx_word' id='word_1_66' title='bbox 854 1343 931 1399; x_wconf 88' lang='lat' dir='ltr'><strong>bella</strong></span> <span class='ocrx_word' id='word_1_67' title='bbox 949 1342 1070 1399; x_wconf 72' lang='lat' dir='ltr'><strong>maxima</strong></span> <span class='ocrx_word' id='word_1_68' title='bbox 1087 1343 1270 1414; x_wconf 70' lang='lat' dir='ltr'><strong>optinuisset,</strong></span> <span class='ocrx_word' id='word_1_69' title='bbox 1294 1342 1407 1414; x_wconf 88' lang='lat' dir='ltr'><strong>legibus</strong></span> <span class='ocrx_word' id='word_1_70' title='bbox 1424 1341 1588 1398; x_wconf 65' lang='lat' dir='ltr'><strong>mansne</strong></span> <span class='ocrx_word' id='word_1_71' title='bbox 1608 1357 1658 1397; x_wconf 92' lang='lat' dir='ltr'><strong>re·</strong></span> 
     </span>
     <span class='ocr_line' id='line_1_9' title="bbox 351 1427 1655 1503; baseline -0.005 -14"><span class='ocrx_word' id='word_1_72' title='bbox 351 1430 468 1503; x_wconf 76' lang='lat' dir='ltr'><strong>ligioms</strong></span> <span class='ocrx_word' id='word_1_73' title='bbox 494 1446 546 1501; x_wconf 88' lang='lat' dir='ltr'><strong>per</strong></span> <span class='ocrx_word' id='word_1_74' title='bbox 575 1432 685 1487; x_wconf 89' lang='lat' dir='ltr'><strong>beatum</strong></span> <span class='ocrx_word' id='word_1_75' title='bbox 702 1432 872 1489; x_wconf 72' lang='lat' dir='ltr'><strong>silvestrum</strong></span> <span class='ocrx_word' id='word_1_76' title='bbox 897 1448 1001 1503; x_wconf 84' lang='lat' dir='ltr'><strong>papam</strong></span> <span class='ocrx_word' id='word_1_77' title='bbox 1024 1432 1151 1489; x_wconf 88' lang='lat' dir='ltr'><strong>initiatus</strong></span> <span class='ocrx_word' id='word_1_78' title='bbox 1168 1431 1338 1489; x_wconf 73' lang='lat' dir='ltr'><strong>beatimiusac</strong></span> <span class='ocrx_word' id='word_1_79' title='bbox 1355 1430 1471 1485; x_wconf 79' lang='lat' dir='ltr'><strong>lieleuaa</strong></span> <span class='ocrx_word' id='word_1_80' title='bbox 1487 1427 1574 1485; x_wconf 91' lang='lat' dir='ltr'><strong>matri</strong></span> <span class='ocrx_word' id='word_1_81' title='bbox 1592 1443 1655 1483; x_wconf 75' lang='lat' dir='ltr'><strong>sune</strong></span> 
     </span>
     <span class='ocr_line' id='line_1_10' title="bbox 353 1514 1659 1591; baseline -0.004 -18"><span class='ocrx_word' id='word_1_82' title='bbox 353 1516 511 1574; x_wconf 88' lang='lat' dir='ltr'><strong>honorandi</strong></span> <span class='ocrx_word' id='word_1_83' title='bbox 531 1524 560 1573; x_wconf 91' lang='lat' dir='ltr'><strong>et</strong></span> <span class='ocrx_word' id='word_1_84' title='bbox 579 1518 745 1573; x_wconf 84' lang='lat' dir='ltr'><strong>sublimandi</strong></span> <span class='ocrx_word' id='word_1_85' title='bbox 763 1526 924 1575; x_wconf 87' lang='lat' dir='ltr'><strong>sanctorum</strong></span> <span class='ocrx_word' id='word_1_86' title='bbox 941 1525 1099 1591; x_wconf 89' lang='lat' dir='ltr'><strong>martyrum</strong></span> <span class='ocrx_word' id='word_1_87' title='bbox 1115 1520 1276 1591; x_wconf 88' lang='lat' dir='ltr'><strong>sepulturas</strong></span> <span class='ocrx_word' id='word_1_88' title='bbox 1290 1518 1340 1591; x_wconf 89' lang='lat' dir='ltr'><strong>jus</strong></span> <span class='ocrx_word' id='word_1_89' title='bbox 1363 1521 1393 1573; x_wconf 93' lang='lat' dir='ltr'><strong>et</strong></span> <span class='ocrx_word' id='word_1_90' title='bbox 1407 1519 1577 1586; x_wconf 86' lang='lat' dir='ltr'><strong>potestatem</strong></span> <span class='ocrx_word' id='word_1_91' title='bbox 1593 1514 1659 1584; x_wconf 85' lang='lat' dir='ltr'><strong>ipse</strong></span> 
     </span>
     <span class='ocr_line' id='line_1_11' title="bbox 353 1601 1656 1677; baseline -0.005 -16"><span class='ocrx_word' id='word_1_92' title='bbox 353 1620 405 1676; x_wconf 91' lang='lat' dir='ltr'><strong>per</strong></span> <span class='ocrx_word' id='word_1_93' title='bbox 423 1619 530 1661; x_wconf 87' lang='lat' dir='ltr'><strong>omnem</strong></span> <span class='ocrx_word' id='word_1_94' title='bbox 548 1620 628 1676; x_wconf 75' lang='lat' dir='ltr'><strong>paine</strong></span> <span class='ocrx_word' id='word_1_95' title='bbox 647 1610 750 1659; x_wconf 89' lang='lat' dir='ltr'><strong>terram</strong></span> <span class='ocrx_word' id='word_1_96' title='bbox 766 1606 865 1661; x_wconf 89' lang='lat' dir='ltr'><strong>eodem</strong></span> <span class='ocrx_word' id='word_1_97' title='bbox 883 1605 976 1661; x_wconf 87' lang='lat' dir='ltr'><strong>studio</strong></span> <span class='ocrx_word' id='word_1_98' title='bbox 995 1611 1149 1677; x_wconf 89' lang='lat' dir='ltr'><strong>occupatus</strong></span> <span class='ocrx_word' id='word_1_99' title='bbox 1167 1604 1345 1664; x_wconf 70' lang='lat' dir='ltr'><strong>conmadidit</strong></span> <span class='ocrx_word' id='word_1_100' title='bbox 1380 1601 1469 1675; x_wconf 79' lang='lat' dir='ltr'><strong>cujus</strong></span> <span class='ocrx_word' id='word_1_101' title='bbox 1486 1602 1541 1657; x_wconf 89' lang='lat' dir='ltr'><strong>deo</strong></span> <span class='ocrx_word' id='word_1_102' title='bbox 1559 1601 1656 1673; x_wconf 75' lang='lat' dir='ltr'><strong>dignae</strong></span> 
     </span>
     <span class='ocr_line' id='line_1_12' title="bbox 352 1689 1659 1763; baseline -0.002 -16"><span class='ocrx_word' id='word_1_103' title='bbox 352 1696 488 1747; x_wconf 72' lang='lat' dir='ltr'><strong>mamonae</strong></span> <span class='ocrx_word' id='word_1_104' title='bbox 511 1692 540 1747; x_wconf 90' lang='lat' dir='ltr'><strong>iu</strong></span> <span class='ocrx_word' id='word_1_105' title='bbox 564 1691 641 1747; x_wconf 88' lang='lat' dir='ltr'><strong>beati</strong></span> <span class='ocrx_word' id='word_1_106' title='bbox 658 1692 793 1747; x_wconf 82' lang='lat' dir='ltr'><strong>Gereonis</strong></span> <span class='ocrx_word' id='word_1_107' title='bbox 816 1693 988 1748; x_wconf 87' lang='lat' dir='ltr'><strong>monasterio</strong></span> <span class='ocrx_word' id='word_1_108' title='bbox 1007 1692 1097 1748; x_wconf 87' lang='lat' dir='ltr'><strong>adbuc</strong></span> <span class='ocrx_word' id='word_1_109' title='bbox 1115 1693 1237 1763; x_wconf 86' lang='lat' dir='ltr'><strong>plurima</strong></span> <span class='ocrx_word' id='word_1_110' title='bbox 1255 1695 1438 1746; x_wconf 88' lang='lat' dir='ltr'><strong>reservantur</strong></span> <span class='ocrx_word' id='word_1_111' title='bbox 1455 1689 1593 1761; x_wconf 86' lang='lat' dir='ltr'><strong>insignia,</strong></span> <span class='ocrx_word' id='word_1_112' title='bbox 1625 1695 1659 1745; x_wconf 86' lang='lat' dir='ltr'><strong>et</strong></span> 
     </span>
     <span class='ocr_line' id='line_1_13' title="bbox 352 1768 1659 1853; baseline -0.003 -20"><span class='ocrx_word' id='word_1_113' title='bbox 352 1777 445 1849; x_wconf 87' lang='lat' dir='ltr'><strong>qualis</strong></span> <span class='ocrx_word' id='word_1_114' title='bbox 468 1778 531 1849; x_wconf 89' lang='lat' dir='ltr'><strong>ipsa</strong></span> <span class='ocrx_word' id='word_1_115' title='bbox 554 1768 656 1847; x_wconf 80' lang='lat' dir='ltr'><strong>fuerit,</strong></span> <span class='ocrx_word' id='word_1_116' title='bbox 686 1782 825 1833; x_wconf 72' lang='lat' dir='ltr'><strong>asaneus</strong></span> <span class='ocrx_word' id='word_1_117' title='bbox 850 1778 952 1835; x_wconf 91' lang='lat' dir='ltr'><strong>ibidem</strong></span> <span class='ocrx_word' id='word_1_118' title='bbox 975 1779 1051 1851; x_wconf 89' lang='lat' dir='ltr'><strong>apud</strong></span> <span class='ocrx_word' id='word_1_119' title='bbox 1073 1780 1138 1853; x_wconf 83' lang='lat' dir='ltr'><strong>ejus</strong></span> <span class='ocrx_word' id='word_1_120' title='bbox 1160 1779 1324 1837; x_wconf 86' lang='lat' dir='ltr'><strong>memoriam</strong></span> <span class='ocrx_word' id='word_1_121' title='bbox 1340 1777 1445 1833; x_wconf 88' lang='lat' dir='ltr'><strong>crebro</strong></span> <span class='ocrx_word' id='word_1_122' title='bbox 1463 1776 1587 1847; x_wconf 84' lang='lat' dir='ltr'><strong>repetita</strong></span> <span class='ocrx_word' id='word_1_123' title='bbox 1603 1776 1659 1831; x_wconf 88' lang='lat' dir='ltr'><strong>mi·</strong></span> 
     </span>
     <span class='ocr_line' id='line_1_14' title="bbox 353 1864 459 1919; baseline -0.028 0"><span class='ocrx_word' id='word_1_124' title='bbox 353 1864 459 1919; x_wconf 85' lang='lat' dir='ltr'><strong>recula.</strong></span> 
     </span>
    </p>

    <p class='ocr_par' dir='ltr' id='par_1_3' title="bbox 353 1948 1658 2455">
     <span class='ocr_line' id='line_1_15' title="bbox 440 1948 1656 2026; baseline 0.002 -22"><span class='ocrx_word' id='word_1_125' title='bbox 440 1949 520 2005; x_wconf 80' lang='lat' dir='ltr'><strong>Fecit</strong></span> <span class='ocrx_word' id='word_1_126' title='bbox 542 1964 610 2003; x_wconf 90' lang='lat' dir='ltr'><strong>sane</strong></span> <span class='ocrx_word' id='word_1_127' title='bbox 637 1948 711 2005; x_wconf 91' lang='lat' dir='ltr'><strong>inter</strong></span> <span class='ocrx_word' id='word_1_128' title='bbox 736 1948 857 2020; x_wconf 89' lang='lat' dir='ltr'><strong>plurima</strong></span> <span class='ocrx_word' id='word_1_129' title='bbox 876 1950 1043 2026; x_wconf 86' lang='lat' dir='ltr'><strong>spectabilia</strong></span> <span class='ocrx_word' id='word_1_130' title='bbox 1060 1969 1120 2011; x_wconf 79' lang='lat' dir='ltr'><strong>aare</strong></span> <span class='ocrx_word' id='word_1_131' title='bbox 1138 1952 1298 2023; x_wconf 82' lang='lat' dir='ltr'><strong>devotionis</strong></span> <span class='ocrx_word' id='word_1_132' title='bbox 1316 1966 1406 2023; x_wconf 87' lang='lat' dir='ltr'><strong>opera</strong></span> <span class='ocrx_word' id='word_1_133' title='bbox 1423 1967 1509 2022; x_wconf 88' lang='lat' dir='ltr'><strong>super</strong></span> <span class='ocrx_word' id='word_1_134' title='bbox 1527 1951 1656 2025; x_wconf 85' lang='lat' dir='ltr'><strong>ejusdem</strong></span> 
     </span>
     <span class='ocr_line' id='line_1_16' title="bbox 354 2035 1656 2115; baseline 0 -24"><span class='ocrx_word' id='word_1_135' title='bbox 354 2035 445 2091; x_wconf 90' lang='lat' dir='ltr'><strong>sancti</strong></span> <span class='ocrx_word' id='word_1_136' title='bbox 463 2035 597 2107; x_wconf 87' lang='lat' dir='ltr'><strong>martyris</strong></span> <span class='ocrx_word' id='word_1_137' title='bbox 616 2035 810 2108; x_wconf 87' lang='lat' dir='ltr'><strong>sociorumque</strong></span> <span class='ocrx_word' id='word_1_138' title='bbox 829 2040 893 2110; x_wconf 86' lang='lat' dir='ltr'><strong>ejus</strong></span> <span class='ocrx_word' id='word_1_139' title='bbox 912 2054 1054 2109; x_wconf 86' lang='lat' dir='ltr'><strong>corpora,</strong></span> <span class='ocrx_word' id='word_1_140' title='bbox 1072 2039 1120 2095; x_wconf 90' lang='lat' dir='ltr'><strong>ubi</strong></span> <span class='ocrx_word' id='word_1_141' title='bbox 1137 2040 1222 2115; x_wconf 82' lang='lat' dir='ltr'><strong>otiam</strong></span> <span class='ocrx_word' id='word_1_142' title='bbox 1235 2055 1321 2112; x_wconf 87' lang='lat' dir='ltr'><strong>snpra</strong></span> <span class='ocrx_word' id='word_1_143' title='bbox 1337 2037 1484 2093; x_wconf 90' lang='lat' dir='ltr'><strong>memorati</strong></span> <span class='ocrx_word' id='word_1_144' title='bbox 1502 2053 1524 2091; x_wconf 91' lang='lat' dir='ltr'><strong>a.</strong></span> <span class='ocrx_word' id='word_1_145' title='bbox 1540 2036 1656 2092; x_wconf 72' lang='lat' dir='ltr'><strong>llauri*</strong></span> 
     </span>
     <span class='ocr_line' id='line_1_17' title="bbox 353 2122 1656 2198; baseline -0.001 -18"><span class='ocrx_word' id='word_1_146' title='bbox 353 2128 494 2195; x_wconf 80' lang='lat' dir='ltr'><strong>martyres</strong></span> <span class='ocrx_word' id='word_1_147' title='bbox 512 2124 549 2178; x_wconf 91' lang='lat' dir='ltr'><strong>ad</strong></span> <span class='ocrx_word' id='word_1_148' title='bbox 567 2122 711 2195; x_wconf 82' lang='lat' dir='ltr'><strong>singulare</strong></span> <span class='ocrx_word' id='word_1_149' title='bbox 723 2125 902 2181; x_wconf 87' lang='lat' dir='ltr'><strong>&#39;moerentium</strong></span> <span class='ocrx_word' id='word_1_150' title='bbox 920 2130 950 2189; x_wconf 81' lang='lat' dir='ltr'><strong>et</strong></span> <span class='ocrx_word' id='word_1_151' title='bbox 962 2122 1159 2182; x_wconf 83' lang='lat' dir='ltr'><strong>infirmantium</strong></span> <span class='ocrx_word' id='word_1_152' title='bbox 1172 2124 1353 2198; x_wconf 76' lang='lat' dir='ltr'><strong>refrigerium</strong></span> <span class='ocrx_word' id='word_1_153' title='bbox 1367 2127 1497 2196; x_wconf 87' lang='lat' dir='ltr'><strong>pausant,</strong></span> <span class='ocrx_word' id='word_1_154' title='bbox 1514 2122 1656 2195; x_wconf 77' lang='lat' dir='ltr'><strong>insignem</strong></span> 
     </span>
     <span class='ocr_line' id='line_1_18' title="bbox 354 2208 1655 2284; baseline 0 -18"><span class='ocrx_word' id='word_1_155' title='bbox 354 2210 509 2282; x_wconf 88' lang='lat' dir='ltr'><strong>neminique</strong></span> <span class='ocrx_word' id='word_1_156' title='bbox 528 2225 646 2281; x_wconf 86' lang='lat' dir='ltr'><strong>prorsus</strong></span> <span class='ocrx_word' id='word_1_157' title='bbox 666 2210 713 2263; x_wconf 87' lang='lat' dir='ltr'><strong>vel</strong></span> <span class='ocrx_word' id='word_1_158' title='bbox 732 2208 893 2266; x_wconf 77' lang='lat' dir='ltr'><strong>sententios‘</strong></span> <span class='ocrx_word' id='word_1_159' title='bbox 910 2212 1050 2269; x_wconf 88' lang='lat' dir='ltr'><strong>sermonis</strong></span> <span class='ocrx_word' id='word_1_160' title='bbox 1067 2212 1278 2284; x_wconf 76' lang='lat' dir='ltr'><strong>explicabilem,</strong></span> <span class='ocrx_word' id='word_1_161' title='bbox 1302 2212 1350 2266; x_wconf 92' lang='lat' dir='ltr'><strong>vel</strong></span> <span class='ocrx_word' id='word_1_162' title='bbox 1367 2215 1430 2266; x_wconf 88' lang='lat' dir='ltr'><strong>arte</strong></span> <span class='ocrx_word' id='word_1_163' title='bbox 1449 2210 1545 2280; x_wconf 89' lang='lat' dir='ltr'><strong>operia</strong></span> <span class='ocrx_word' id='word_1_164' title='bbox 1562 2210 1655 2266; x_wconf 86' lang='lat' dir='ltr'><strong>imita·</strong></span> 
     </span>
     <span class='ocr_line' id='line_1_19' title="bbox 354 2292 1658 2371; baseline 0 -19"><span class='ocrx_word' id='word_1_165' title='bbox 354 2296 439 2352; x_wconf 89' lang='lat' dir='ltr'><strong>bilem</strong></span> <span class='ocrx_word' id='word_1_166' title='bbox 457 2301 608 2352; x_wconf 70' lang='lat' dir='ltr'><strong>structura</strong></span> <span class='ocrx_word' id='word_1_167' title='bbox 626 2292 753 2351; x_wconf 69' lang='lat' dir='ltr'><strong>mirifice</strong></span> <span class='ocrx_word' id='word_1_168' title='bbox 770 2303 799 2352; x_wconf 89' lang='lat' dir='ltr'><strong>et</strong></span> <span class='ocrx_word' id='word_1_169' title='bbox 817 2296 944 2355; x_wconf 89' lang='lat' dir='ltr'><strong>sublimis</strong></span> <span class='ocrx_word' id='word_1_170' title='bbox 962 2298 1120 2369; x_wconf 85' lang='lat' dir='ltr'><strong>eccleaiam,</strong></span> <span class='ocrx_word' id='word_1_171' title='bbox 1138 2316 1221 2371; x_wconf 89' lang='lat' dir='ltr'><strong>quam</strong></span> <span class='ocrx_word' id='word_1_172' title='bbox 1238 2302 1279 2354; x_wconf 90' lang='lat' dir='ltr'><strong>ita</strong></span> <span class='ocrx_word' id='word_1_173' title='bbox 1297 2298 1474 2353; x_wconf 88' lang='lat' dir='ltr'><strong>metallorum</strong></span> <span class='ocrx_word' id='word_1_174' title='bbox 1492 2294 1607 2369; x_wconf 86' lang='lat' dir='ltr'><strong>fulgore</strong></span> <span class='ocrx_word' id='word_1_175' title='bbox 1626 2300 1658 2352; x_wconf 90' lang='lat' dir='ltr'><strong>et</strong></span> 
     </span>
     <span class='ocr_line' id='line_1_20' title="bbox 353 2382 1658 2455; baseline -0.003 -13"><span class='ocrx_word' id='word_1_176' title='bbox 353 2382 468 2442; x_wconf 90' lang='lat' dir='ltr'><strong>artificii</strong></span> <span class='ocrx_word' id='word_1_177' title='bbox 484 2382 625 2439; x_wconf 89' lang='lat' dir='ltr'><strong>varietate</strong></span> <span class='ocrx_word' id='word_1_178' title='bbox 643 2384 808 2455; x_wconf 84' lang='lat' dir='ltr'><strong>decoravit,</strong></span> <span class='ocrx_word' id='word_1_179' title='bbox 839 2388 925 2443; x_wconf 89' lang='lat' dir='ltr'><strong>muris</strong></span> <span class='ocrx_word' id='word_1_180' title='bbox 944 2386 1028 2445; x_wconf 89' lang='lat' dir='ltr'><strong>etiam</strong></span> <span class='ocrx_word' id='word_1_181' title='bbox 1046 2388 1149 2445; x_wconf 87' lang='lat' dir='ltr'><strong>validis</strong></span> <span class='ocrx_word' id='word_1_182' title='bbox 1167 2395 1197 2443; x_wconf 91' lang='lat' dir='ltr'><strong>et</strong></span> <span class='ocrx_word' id='word_1_183' title='bbox 1214 2388 1334 2444; x_wconf 81' lang='lat' dir='ltr'><strong>excelsis</strong></span> <span class='ocrx_word' id='word_1_184' title='bbox 1352 2382 1489 2455; x_wconf 88' lang='lat' dir='ltr'><strong>firmavit,</strong></span> <span class='ocrx_word' id='word_1_185' title='bbox 1519 2390 1552 2439; x_wconf 92' lang='lat' dir='ltr'><strong>ut</strong></span> <span class='ocrx_word' id='word_1_186' title='bbox 1567 2382 1658 2440; x_wconf 80' lang='lat' dir='ltr'><strong>nichil</strong></span> 
     </span>
    </p>
   </div>
   <div class='ocr_carea' id='block_1_3' title="bbox 354 2471 1762 2546">
    <p class='ocr_par' dir='ltr' id='par_1_4' title="bbox 354 2471 1762 2546">
     <span class='ocr_line' id='line_1_21' title="bbox 354 2471 1762 2546; baseline -0.006 -17"><span class='ocrx_word' id='word_1_187' title='bbox 354 2488 441 2544; x_wconf 89' lang='lat' dir='ltr'><strong>supra</strong></span> <span class='ocrx_word' id='word_1_188' title='bbox 462 2488 514 2543; x_wconf 89' lang='lat' dir='ltr'><strong>per</strong></span> <span class='ocrx_word' id='word_1_189' title='bbox 541 2488 639 2527; x_wconf 88' lang='lat' dir='ltr'><strong>omnes</strong></span> <span class='ocrx_word' id='word_1_190' title='bbox 666 2471 732 2527; x_wconf 89' lang='lat' dir='ltr'><strong>illas</strong></span> <span class='ocrx_word' id='word_1_191' title='bbox 761 2474 894 2546; x_wconf 72' lang='lat' dir='ltr'><strong>regiones</strong></span> <span class='ocrx_word' id='word_1_192' title='bbox 921 2476 969 2530; x_wconf 91' lang='lat' dir='ltr'><strong>vel</strong></span> <span class='ocrx_word' id='word_1_193' title='bbox 996 2473 1085 2531; x_wconf 86' lang='lat' dir='ltr'><strong>fnisse</strong></span> <span class='ocrx_word' id='word_1_194' title='bbox 1111 2475 1159 2530; x_wconf 92' lang='lat' dir='ltr'><strong>vel</strong></span> <span class='ocrx_word' id='word_1_195' title='bbox 1177 2473 1301 2531; x_wconf 88' lang='lat' dir='ltr'><strong>futurum</strong></span> <span class='ocrx_word' id='word_1_196' title='bbox 1319 2490 1382 2529; x_wconf 89' lang='lat' dir='ltr'><strong>ease</strong></span> <span class='ocrx_word' id='word_1_197' title='bbox 1400 2471 1507 2528; x_wconf 84' lang='lat' dir='ltr'><strong>celebri</strong></span> <span class='ocrx_word' id='word_1_198' title='bbox 1523 2486 1657 2526; x_wconf 88' lang='lat' dir='ltr'><strong>sermone</strong></span> <span class='ocrx_word' id='word_1_199' title='bbox 1758 2542 1762 2545; x_wconf 10' lang='grc' dir='ltr'><strong><em>ἢ</em></strong></span> 
     </span>
    </p>
   </div>
   <div class='ocr_carea' id='block_1_4' title="bbox 353 2552 1658 4292">
    <p class='ocr_par' dir='ltr' id='par_1_5' title="bbox 353 2552 1658 3228">
     <span class='ocr_line' id='line_1_22' title="bbox 353 2552 1657 2635; baseline -0.004 -19"><span class='ocrx_word' id='word_1_200' title='bbox 353 2556 472 2617; x_wconf 84' lang='lat' dir='ltr'><strong>feratur.</strong></span> <span class='ocrx_word' id='word_1_201' title='bbox 507 2552 615 2630; x_wconf 75' lang='lat' dir='ltr'><strong>prater</strong></span> <span class='ocrx_word' id='word_1_202' title='bbox 638 2559 714 2630; x_wconf 90' lang='lat' dir='ltr'><strong>quod</strong></span> <span class='ocrx_word' id='word_1_203' title='bbox 740 2560 861 2633; x_wconf 74' lang='lat' dir='ltr'><strong>lignem</strong></span> <span class='ocrx_word' id='word_1_204' title='bbox 885 2561 1023 2633; x_wconf 88' lang='lat' dir='ltr'><strong>aliquam,</strong></span> <span class='ocrx_word' id='word_1_205' title='bbox 1054 2562 1183 2635; x_wconf 81' lang='lat' dir='ltr'><strong>velquas</strong></span> <span class='ocrx_word' id='word_1_206' title='bbox 1201 2560 1287 2619; x_wconf 88' lang='lat' dir='ltr'><strong>facile</strong></span> <span class='ocrx_word' id='word_1_207' title='bbox 1305 2560 1386 2617; x_wconf 89' lang='lat' dir='ltr'><strong>senio</strong></span> <span class='ocrx_word' id='word_1_208' title='bbox 1407 2559 1454 2614; x_wconf 91' lang='lat' dir='ltr'><strong>vel</strong></span> <span class='ocrx_word' id='word_1_209' title='bbox 1471 2556 1657 2631; x_wconf 74' lang='lat' dir='ltr'><strong>negligentias</strong></span> 
     </span>
     <span class='ocr_line' id='line_1_23' title="bbox 353 2644 1658 2721; baseline -0.002 -19"><span class='ocrx_word' id='word_1_210' title='bbox 353 2645 453 2716; x_wconf 87' lang='lat' dir='ltr'><strong>cedat,</strong></span> <span class='ocrx_word' id='word_1_211' title='bbox 484 2646 629 2702; x_wconf 85' lang='lat' dir='ltr'><strong>materiam</strong></span> <span class='ocrx_word' id='word_1_212' title='bbox 654 2647 786 2703; x_wconf 74' lang='lat' dir='ltr'><strong>babuisse</strong></span> <span class='ocrx_word' id='word_1_213' title='bbox 813 2655 949 2721; x_wconf 88' lang='lat' dir='ltr'><strong>negatur,</strong></span> <span class='ocrx_word' id='word_1_214' title='bbox 977 2666 1039 2705; x_wconf 90' lang='lat' dir='ltr'><strong>cum</strong></span> <span class='ocrx_word' id='word_1_215' title='bbox 1056 2666 1222 2707; x_wconf 78' lang='lat' dir='ltr'><strong>marmenem</strong></span> <span class='ocrx_word' id='word_1_216' title='bbox 1239 2648 1393 2705; x_wconf 84' lang='lat' dir='ltr'><strong>soliditatis</strong></span> <span class='ocrx_word' id='word_1_217' title='bbox 1417 2646 1457 2701; x_wconf 93' lang='lat' dir='ltr'><strong>ihi</strong></span> <span class='ocrx_word' id='word_1_218' title='bbox 1474 2650 1554 2701; x_wconf 66' lang='lat' dir='ltr'><strong>taum</strong></span> <span class='ocrx_word' id='word_1_219' title='bbox 1571 2644 1658 2715; x_wconf 88' lang='lat' dir='ltr'><strong>copia</strong></span> 
     </span>
     <span class='ocr_line' id='line_1_24' title="bbox 354 2724 1658 2810; baseline -0.003 -19"><span class='ocrx_word' id='word_1_220' title='bbox 354 2731 455 2804; x_wconf 84' lang='lat' dir='ltr'><strong>fuerit,</strong></span> <span class='ocrx_word' id='word_1_221' title='bbox 486 2737 517 2790; x_wconf 84' lang='lat' dir='ltr'><strong>ut</strong></span> <span class='ocrx_word' id='word_1_222' title='bbox 541 2750 612 2805; x_wconf 88' lang='lat' dir='ltr'><strong>opus</strong></span> <span class='ocrx_word' id='word_1_223' title='bbox 636 2724 727 2791; x_wconf 84' lang='lat' dir='ltr'><strong>totum</strong></span> <span class='ocrx_word' id='word_1_224' title='bbox 750 2734 960 2807; x_wconf 85' lang='lat' dir='ltr'><strong>columpnarum</strong></span> <span class='ocrx_word' id='word_1_225' title='bbox 984 2736 1062 2793; x_wconf 90' lang='lat' dir='ltr'><strong>illius</strong></span> <span class='ocrx_word' id='word_1_226' title='bbox 1085 2737 1199 2810; x_wconf 81' lang='lat' dir='ltr'><strong>generis</strong></span> <span class='ocrx_word' id='word_1_227' title='bbox 1217 2734 1385 2793; x_wconf 86' lang='lat' dir='ltr'><strong>firmitudine</strong></span> <span class='ocrx_word' id='word_1_228' title='bbox 1402 2740 1432 2791; x_wconf 87' lang='lat' dir='ltr'><strong>et</strong></span> <span class='ocrx_word' id='word_1_229' title='bbox 1448 2731 1658 2805; x_wconf 83' lang='lat' dir='ltr'><strong>pulchritudine</strong></span> 
     </span>
     <span class='ocr_line' id='line_1_25' title="bbox 353 2819 1656 2895; baseline -0.003 -16"><span class='ocrx_word' id='word_1_230' title='bbox 353 2821 510 2879; x_wconf 89' lang='lat' dir='ltr'><strong>fulciretur.</strong></span> <span class='ocrx_word' id='word_1_231' title='bbox 543 2820 622 2875; x_wconf 87' lang='lat' dir='ltr'><strong>aurei</strong></span> <span class='ocrx_word' id='word_1_232' title='bbox 645 2836 716 2877; x_wconf 89' lang='lat' dir='ltr'><strong>vero</strong></span> <span class='ocrx_word' id='word_1_233' title='bbox 739 2819 862 2895; x_wconf 85' lang='lat' dir='ltr'><strong>fulgoris</strong></span> <span class='ocrx_word' id='word_1_234' title='bbox 886 2828 995 2879; x_wconf 89' lang='lat' dir='ltr'><strong>tantum</strong></span> <span class='ocrx_word' id='word_1_235' title='bbox 1011 2823 1041 2880; x_wconf 93' lang='lat' dir='ltr'><strong>in</strong></span> <span class='ocrx_word' id='word_1_236' title='bbox 1058 2840 1094 2881; x_wconf 89' lang='lat' dir='ltr'><strong>eu</strong></span> <span class='ocrx_word' id='word_1_237' title='bbox 1111 2824 1237 2894; x_wconf 88' lang='lat' dir='ltr'><strong>emicuit,</strong></span> <span class='ocrx_word' id='word_1_238' title='bbox 1264 2828 1296 2879; x_wconf 93' lang='lat' dir='ltr'><strong>ut</strong></span> <span class='ocrx_word' id='word_1_239' title='bbox 1312 2822 1421 2879; x_wconf 87' lang='lat' dir='ltr'><strong>musiva</strong></span> <span class='ocrx_word' id='word_1_240' title='bbox 1438 2820 1510 2876; x_wconf 92' lang='lat' dir='ltr'><strong>foris</strong></span> <span class='ocrx_word' id='word_1_241' title='bbox 1533 2825 1563 2889; x_wconf 83' lang='lat' dir='ltr'><strong>et</strong></span> <span class='ocrx_word' id='word_1_242' title='bbox 1580 2819 1656 2876; x_wconf 80' lang='lat' dir='ltr'><strong>intem</strong></span> 
     </span>
     <span class='ocr_line' id='line_1_26' title="bbox 354 2906 1656 2981; baseline -0.002 -16"><span class='ocrx_word' id='word_1_243' title='bbox 354 2906 468 2981; x_wconf 87' lang='lat' dir='ltr'><strong>fulgens</strong></span> <span class='ocrx_word' id='word_1_244' title='bbox 493 2907 636 2980; x_wconf 73' lang='lat' dir='ltr'><strong>elegantia</strong></span> <span class='ocrx_word' id='word_1_245' title='bbox 659 2924 761 2965; x_wconf 90' lang='lat' dir='ltr'><strong>nomeu</strong></span> <span class='ocrx_word' id='word_1_246' title='bbox 778 2910 815 2965; x_wconf 89' lang='lat' dir='ltr'><strong>ud</strong></span> <span class='ocrx_word' id='word_1_247' title='bbox 832 2926 928 2967; x_wconf 83' lang='lat' dir='ltr'><strong>aureos</strong></span> <span class='ocrx_word' id='word_1_248' title='bbox 944 2916 1047 2968; x_wconf 83' lang='lat' dir='ltr'><strong>sanctos</strong></span> <span class='ocrx_word' id='word_1_249' title='bbox 1065 2912 1225 2970; x_wconf 87' lang='lat' dir='ltr'><strong>sortiretur.</strong></span> <span class='ocrx_word' id='word_1_250' title='bbox 1261 2912 1330 2979; x_wconf 69' lang='lat' dir='ltr'><strong>Qum</strong></span> <span class='ocrx_word' id='word_1_251' title='bbox 1347 2910 1413 2981; x_wconf 87' lang='lat' dir='ltr'><strong>quia</strong></span> <span class='ocrx_word' id='word_1_252' title='bbox 1430 2926 1482 2981; x_wconf 89' lang='lat' dir='ltr'><strong>per</strong></span> <span class='ocrx_word' id='word_1_253' title='bbox 1499 2925 1531 2963; x_wconf 91' lang='lat' dir='ltr'><strong>ae</strong></span> <span class='ocrx_word' id='word_1_254' title='bbox 1547 2923 1656 2963; x_wconf 87' lang='lat' dir='ltr'><strong>summo</strong></span> 
     </span>
     <span class='ocr_line' id='line_1_27' title="bbox 353 2994 1656 3072; baseline -0.003 -18"><span class='ocrx_word' id='word_1_255' title='bbox 353 3013 449 3054; x_wconf 88' lang='lat' dir='ltr'><strong>rerum</strong></span> <span class='ocrx_word' id='word_1_256' title='bbox 471 2994 582 3052; x_wconf 85' lang='lat' dir='ltr'><strong>auctori</strong></span> <span class='ocrx_word' id='word_1_257' title='bbox 605 2994 721 3066; x_wconf 88' lang='lat' dir='ltr'><strong>placere</strong></span> <span class='ocrx_word' id='word_1_258' title='bbox 746 3014 802 3055; x_wconf 91' lang='lat' dir='ltr'><strong>uon</strong></span> <span class='ocrx_word' id='word_1_259' title='bbox 825 2999 932 3070; x_wconf 90' lang='lat' dir='ltr'><strong>potuit,</strong></span> <span class='ocrx_word' id='word_1_260' title='bbox 964 3004 995 3058; x_wconf 92' lang='lat' dir='ltr'><strong>ut</strong></span> <span class='ocrx_word' id='word_1_261' title='bbox 1018 2998 1109 3056; x_wconf 82' lang='lat' dir='ltr'><strong>adhuc</strong></span> <span class='ocrx_word' id='word_1_262' title='bbox 1131 2999 1250 3072; x_wconf 82' lang='lat' dir='ltr'><strong>amplius</strong></span> <span class='ocrx_word' id='word_1_263' title='bbox 1274 3005 1303 3055; x_wconf 95' lang='lat' dir='ltr'><strong>et</strong></span> <span class='ocrx_word' id='word_1_264' title='bbox 1321 2995 1432 3071; x_wconf 86' lang='lat' dir='ltr'><strong>dignius</strong></span> <span class='ocrx_word' id='word_1_265' title='bbox 1450 2996 1656 3070; x_wconf 80' lang='lat' dir='ltr'><strong>resplenderet,</strong></span> 
     </span>
     <span class='ocr_line' id='line_1_28' title="bbox 353 3082 1656 3159; baseline 0.002 -22"><span class='ocrx_word' id='word_1_266' title='bbox 353 3082 481 3156; x_wconf 87' lang='lat' dir='ltr'><strong>plurimis</strong></span> <span class='ocrx_word' id='word_1_267' title='bbox 508 3083 617 3140; x_wconf 87' lang='lat' dir='ltr'><strong>idoneis</strong></span> <span class='ocrx_word' id='word_1_268' title='bbox 650 3083 742 3140; x_wconf 86' lang='lat' dir='ltr'><strong>laudis</strong></span> <span class='ocrx_word' id='word_1_269' title='bbox 770 3085 872 3142; x_wconf 71' lang='lat' dir='ltr'><strong>divina</strong></span> <span class='ocrx_word' id='word_1_270' title='bbox 899 3088 1079 3159; x_wconf 84' lang='lat' dir='ltr'><strong>praeconibus</strong></span> <span class='ocrx_word' id='word_1_271' title='bbox 1106 3093 1137 3144; x_wconf 89' lang='lat' dir='ltr'><strong>et</strong></span> <span class='ocrx_word' id='word_1_272' title='bbox 1162 3086 1325 3144; x_wconf 86' lang='lat' dir='ltr'><strong>ministeriis</strong></span> <span class='ocrx_word' id='word_1_273' title='bbox 1351 3085 1407 3142; x_wconf 91' lang='lat' dir='ltr'><strong>sibi</strong></span> <span class='ocrx_word' id='word_1_274' title='bbox 1433 3083 1656 3158; x_wconf 74' lang='lat' dir='ltr'><strong>congruentibus</strong></span> 
     </span>
     <span class='ocr_line' id='line_1_29' title="bbox 353 3167 1269 3228; baseline -0.007 0"><span class='ocrx_word' id='word_1_275' title='bbox 353 3171 493 3228; x_wconf 86' lang='lat' dir='ltr'><strong>adornata</strong></span> <span class='ocrx_word' id='word_1_276' title='bbox 510 3175 562 3226; x_wconf 85' lang='lat' dir='ltr'><strong>est</strong></span> <span class='ocrx_word' id='word_1_277' title='bbox 1266 3167 1269 3172; x_wconf 83' lang='lat'>&#39;</span> 
     </span>
    </p>

    <p class='ocr_par' dir='ltr' id='par_1_6' title="bbox 353 3251 1658 4292">
     <span class='ocr_line' id='line_1_30' title="bbox 441 3251 1656 3334; baseline -0.003 -20"><span class='ocrx_word' id='word_1_278' title='bbox 441 3257 532 3332; x_wconf 86' lang='lat' dir='ltr'><strong>igitur</strong></span> <span class='ocrx_word' id='word_1_279' title='bbox 558 3275 579 3314; x_wconf 85' lang='lat' dir='ltr'><strong>a</strong></span> <span class='ocrx_word' id='word_1_280' title='bbox 605 3251 950 3316; x_wconf 78' lang='lat' dir='ltr'><strong>blaternas&#39;frevirorum</strong></span> <span class='ocrx_word' id='word_1_281' title='bbox 977 3261 1130 3334; x_wconf 85' lang='lat' dir='ltr'><strong>episcopus</strong></span> <span class='ocrx_word' id='word_1_282' title='bbox 1152 3261 1317 3334; x_wconf 77' lang='lat' dir='ltr'><strong>Agrippinae</strong></span> <span class='ocrx_word' id='word_1_283' title='bbox 1343 3259 1473 3318; x_wconf 80' lang='lat' dir='ltr'><strong>Coloniae</strong></span> <span class='ocrx_word' id='word_1_284' title='bbox 1506 3257 1656 3313; x_wconf 86' lang='lat' dir='ltr'><strong>ecclesiam</strong></span> 
     </span>
     <span class='ocr_line' id='line_1_31' title="bbox 353 3343 1656 3422; baseline -0.001 -22"><span class='ocrx_word' id='word_1_285' title='bbox 353 3345 460 3418; x_wconf 88' lang='lat' dir='ltr'><strong>primus</strong></span> <span class='ocrx_word' id='word_1_286' title='bbox 477 3349 577 3415; x_wconf 85' lang='lat' dir='ltr'><strong>pastor</strong></span> <span class='ocrx_word' id='word_1_287' title='bbox 596 3343 689 3416; x_wconf 86' lang='lat' dir='ltr'><strong>dignis</strong></span> <span class='ocrx_word' id='word_1_288' title='bbox 706 3345 906 3417; x_wconf 86' lang='lat' dir='ltr'><strong>gubernaculis</strong></span> <span class='ocrx_word' id='word_1_289' title='bbox 925 3348 1007 3404; x_wconf 87' lang='lat' dir='ltr'><strong>rexit.</strong></span> <span class='ocrx_word' id='word_1_290' title='bbox 1032 3349 1114 3422; x_wconf 83' lang='lat' dir='ltr'><strong>cujus</strong></span> <span class='ocrx_word' id='word_1_291' title='bbox 1132 3348 1219 3404; x_wconf 86' lang='lat' dir='ltr'><strong>vitam</strong></span> <span class='ocrx_word' id='word_1_292' title='bbox 1236 3349 1331 3417; x_wconf 85' lang='lat' dir='ltr'><strong>multis</strong></span> <span class='ocrx_word' id='word_1_293' title='bbox 1349 3346 1485 3404; x_wconf 87' lang='lat' dir='ltr'><strong>claruisse</strong></span> <span class='ocrx_word' id='word_1_294' title='bbox 1503 3344 1656 3401; x_wconf 88' lang='lat' dir='ltr'><strong>virtutibus</strong></span> 
     </span>
     <span class='ocr_line' id='line_1_32' title="bbox 353 3433 1656 3508; baseline -0.003 -17"><span class='ocrx_word' id='word_1_295' title='bbox 353 3440 499 3508; x_wconf 86' lang='lat' dir='ltr'><strong>gestorum</strong></span> <span class='ocrx_word' id='word_1_296' title='bbox 526 3433 589 3504; x_wconf 88' lang='lat' dir='ltr'><strong>ejus</strong></span> <span class='ocrx_word' id='word_1_297' title='bbox 620 3433 727 3504; x_wconf 89' lang='lat' dir='ltr'><strong>scripta</strong></span> <span class='ocrx_word' id='word_1_298' title='bbox 754 3441 979 3492; x_wconf 86' lang='lat' dir='ltr'><strong>commemorant</strong></span> <span class='ocrx_word' id='word_1_299' title='bbox 1013 3438 1089 3503; x_wconf 70' lang='lat' dir='ltr'><strong>hosa</strong></span> <span class='ocrx_word' id='word_1_300' title='bbox 1116 3437 1192 3492; x_wconf 88' lang='lat' dir='ltr'><strong>aedis</strong></span> <span class='ocrx_word' id='word_1_301' title='bbox 1208 3437 1355 3508; x_wconf 52' lang='lat' dir='ltr'><strong>,mtistes,</strong></span> <span class='ocrx_word' id='word_1_302' title='bbox 1385 3437 1460 3492; x_wconf 82' lang='lat' dir='ltr'><strong>nahts</strong></span> <span class='ocrx_word' id='word_1_303' title='bbox 1476 3434 1656 3506; x_wconf 89' lang='lat' dir='ltr'><strong>cognitorum</strong></span> 
     </span>
     <span class='ocr_line' id='line_1_33' title="bbox 354 3510 1657 3596; baseline -0.002 -18"><span class='ocrx_word' id='word_1_304' title='bbox 354 3521 463 3590; x_wconf 76' lang='lat' dir='ltr'><strong>sertim,</strong></span> <span class='ocrx_word' id='word_1_305' title='bbox 481 3519 573 3578; x_wconf 88' lang='lat' dir='ltr'><strong>sancti</strong></span> <span class='ocrx_word' id='word_1_306' title='bbox 586 3519 716 3576; x_wconf 87' lang='lat' dir='ltr'><strong>Severini</strong></span> <span class='ocrx_word' id='word_1_307' title='bbox 734 3510 908 3581; x_wconf 85' lang='lat' dir='ltr'><strong>confessoris</strong></span> <span class='ocrx_word' id='word_1_308' title='bbox 922 3522 1028 3578; x_wconf 76' lang='lat' dir='ltr'><strong>Christi</strong></span> <span class='ocrx_word' id='word_1_309' title='bbox 1044 3538 1200 3594; x_wconf 78' lang='lat' dir='ltr'><strong>successor,</strong></span> <span class='ocrx_word' id='word_1_310' title='bbox 1219 3525 1329 3580; x_wconf 86' lang='lat' dir='ltr'><strong>nomine</strong></span> <span class='ocrx_word' id='word_1_311' title='bbox 1341 3522 1517 3596; x_wconf 86' lang='lat' dir='ltr'><strong>lluergislus,</strong></span> <span class='ocrx_word' id='word_1_312' title='bbox 1537 3520 1657 3592; x_wconf 86' lang='lat' dir='ltr'><strong>quadam</strong></span> 
     </span>
     <span class='ocr_line' id='line_1_34' title="bbox 355 3606 1658 3680; baseline -0.002 -14"><span class='ocrx_word' id='word_1_313' title='bbox 355 3611 401 3666; x_wconf 90' lang='lat' dir='ltr'><strong>die</strong></span> <span class='ocrx_word' id='word_1_314' title='bbox 425 3609 490 3666; x_wconf 87' lang='lat' dir='ltr'><strong>dum</strong></span> <span class='ocrx_word' id='word_1_315' title='bbox 515 3608 616 3679; x_wconf 88' lang='lat' dir='ltr'><strong>capitis</strong></span> <span class='ocrx_word' id='word_1_316' title='bbox 644 3606 745 3663; x_wconf 89' lang='lat' dir='ltr'><strong>dolore</strong></span> <span class='ocrx_word' id='word_1_317' title='bbox 771 3607 884 3664; x_wconf 87' lang='lat' dir='ltr'><strong>nimiam</strong></span> <span class='ocrx_word' id='word_1_318' title='bbox 910 3609 1052 3666; x_wconf 88' lang='lat' dir='ltr'><strong>cruciatus</strong></span> <span class='ocrx_word' id='word_1_319' title='bbox 1075 3610 1112 3666; x_wconf 92' lang='lat' dir='ltr'><strong>ad</strong></span> <span class='ocrx_word' id='word_1_320' title='bbox 1137 3611 1298 3668; x_wconf 84' lang='lat' dir='ltr'><strong>memoriam</strong></span> <span class='ocrx_word' id='word_1_321' title='bbox 1323 3610 1475 3668; x_wconf 85' lang='lat' dir='ltr'><strong>beatorum</strong></span> <span class='ocrx_word' id='word_1_322' title='bbox 1501 3612 1658 3680; x_wconf 88' lang='lat' dir='ltr'><strong>martyrum</strong></span> 
     </span>
     <span class='ocr_line' id='line_1_35' title="bbox 355 3695 1658 3769; baseline -0.002 -14"><span class='ocrx_word' id='word_1_323' title='bbox 355 3697 492 3756; x_wconf 83' lang='lat' dir='ltr'><strong>Gereonis</strong></span> <span class='ocrx_word' id='word_1_324' title='bbox 519 3702 549 3752; x_wconf 93' lang='lat' dir='ltr'><strong>et</strong></span> <span class='ocrx_word' id='word_1_325' title='bbox 572 3695 713 3753; x_wconf 89' lang='lat' dir='ltr'><strong>sociorum</strong></span> <span class='ocrx_word' id='word_1_326' title='bbox 738 3697 801 3769; x_wconf 83' lang='lat' dir='ltr'><strong>ejus</strong></span> <span class='ocrx_word' id='word_1_327' title='bbox 824 3703 936 3754; x_wconf 88' lang='lat' dir='ltr'><strong>oratum</strong></span> <span class='ocrx_word' id='word_1_328' title='bbox 960 3699 1109 3755; x_wconf 89' lang='lat' dir='ltr'><strong>accederet</strong></span> <span class='ocrx_word' id='word_1_329' title='bbox 1132 3705 1162 3757; x_wconf 93' lang='lat' dir='ltr'><strong>et</strong></span> <span class='ocrx_word' id='word_1_330' title='bbox 1185 3699 1277 3756; x_wconf 87' lang='lat' dir='ltr'><strong>adhuc</strong></span> <span class='ocrx_word' id='word_1_331' title='bbox 1293 3701 1322 3755; x_wconf 88' lang='lat' dir='ltr'><strong>in</strong></span> <span class='ocrx_word' id='word_1_332' title='bbox 1340 3699 1431 3756; x_wconf 75' lang='lat' dir='ltr'><strong>uncti</strong></span> <span class='ocrx_word' id='word_1_333' title='bbox 1447 3698 1525 3753; x_wconf 91' lang='lat' dir='ltr'><strong>illius</strong></span> <span class='ocrx_word' id='word_1_334' title='bbox 1541 3699 1658 3753; x_wconf 80' lang='lat' dir='ltr'><strong>tteaoari</strong></span> 
     </span>
     <span class='ocr_line' id='line_1_36' title="bbox 353 3783 1657 3858; baseline -0.003 -16"><span class='ocrx_word' id='word_1_335' title='bbox 353 3786 484 3844; x_wconf 87' lang='lat' dir='ltr'><strong>indicium</strong></span> <span class='ocrx_word' id='word_1_336' title='bbox 504 3783 651 3858; x_wconf 84' lang='lat' dir='ltr'><strong>fastigium</strong></span> <span class='ocrx_word' id='word_1_337' title='bbox 667 3783 774 3839; x_wconf 90' lang='lat' dir='ltr'><strong>nullum</strong></span> <span class='ocrx_word' id='word_1_338' title='bbox 792 3785 959 3854; x_wconf 87' lang='lat' dir='ltr'><strong>excelleret,</strong></span> <span class='ocrx_word' id='word_1_339' title='bbox 990 3787 1159 3844; x_wconf 81' lang='lat' dir='ltr'><strong>versiculum</strong></span> <span class='ocrx_word' id='word_1_340' title='bbox 1183 3788 1212 3843; x_wconf 93' lang='lat' dir='ltr'><strong>in</strong></span> <span class='ocrx_word' id='word_1_341' title='bbox 1229 3787 1340 3845; x_wconf 89' lang='lat' dir='ltr'><strong>laudem</strong></span> <span class='ocrx_word' id='word_1_342' title='bbox 1357 3791 1519 3844; x_wconf 87' lang='lat' dir='ltr'><strong>sauctorum</strong></span> <span class='ocrx_word' id='word_1_343' title='bbox 1536 3783 1591 3840; x_wconf 90' lang='lat' dir='ltr'><strong>dici</strong></span> <span class='ocrx_word' id='word_1_344' title='bbox 1609 3800 1657 3839; x_wconf 90' lang='lat' dir='ltr'><strong>so·</strong></span> 
     </span>
     <span class='ocr_line' id='line_1_37' title="bbox 353 3869 1655 3946; baseline -0.002 -18"><span class='ocrx_word' id='word_1_345' title='bbox 353 3874 445 3930; x_wconf 87' lang='lat' dir='ltr'><strong>litum:</strong></span> <span class='ocrx_word' id='word_1_346' title='bbox 469 3873 623 3930; x_wconf 71' lang='lat' dir='ltr'><strong>emantur</strong></span> <span class='ocrx_word' id='word_1_347' title='bbox 638 3874 720 3928; x_wconf 80' lang='lat' dir='ltr'><strong>coacti</strong></span> <span class='ocrx_word' id='word_1_348' title='bbox 737 3875 765 3926; x_wconf 83' lang='lat' dir='ltr'><strong>in</strong></span> <span class='ocrx_word' id='word_1_349' title='bbox 781 3873 874 3944; x_wconf 77' lang='lat' dir='ltr'><strong>plotio,</strong></span> <span class='ocrx_word' id='word_1_350' title='bbox 892 3869 1054 3946; x_wconf 85' lang='lat' dir='ltr'><strong>ingrediens</strong></span> <span class='ocrx_word' id='word_1_351' title='bbox 1072 3873 1100 3930; x_wconf 91' lang='lat' dir='ltr'><strong>in</strong></span> <span class='ocrx_word' id='word_1_352' title='bbox 1118 3872 1266 3930; x_wconf 90' lang='lat' dir='ltr'><strong>ecclesiam</strong></span> <span class='ocrx_word' id='word_1_353' title='bbox 1284 3872 1436 3935; x_wconf 80' lang='lat' dir='ltr'><strong>inchoavit</strong></span> <span class='ocrx_word' id='word_1_354' title='bbox 1463 3872 1509 3928; x_wconf 91' lang='lat' dir='ltr'><strong>cui</strong></span> <span class='ocrx_word' id='word_1_355' title='bbox 1525 3872 1655 3944; x_wconf 88' lang='lat' dir='ltr'><strong>protinus</strong></span> 
     </span>
     <span class='ocr_line' id='line_1_38' title="bbox 353 3957 1653 4034; baseline -0.004 -17"><span class='ocrx_word' id='word_1_356' title='bbox 353 3977 389 4018; x_wconf 87' lang='lat' dir='ltr'><strong>ex</strong></span> <span class='ocrx_word' id='word_1_357' title='bbox 405 3960 458 4017; x_wconf 93' lang='lat' dir='ltr'><strong>illo</strong></span> <span class='ocrx_word' id='word_1_358' title='bbox 475 3959 633 4016; x_wconf 86' lang='lat' dir='ltr'><strong>venerabili</strong></span> <span class='ocrx_word' id='word_1_359' title='bbox 646 3967 807 4016; x_wconf 87' lang='lat' dir='ltr'><strong>sanctorum</strong></span> <span class='ocrx_word' id='word_1_360' title='bbox 826 3975 979 4032; x_wconf 88' lang='lat' dir='ltr'><strong>corporum</strong></span> <span class='ocrx_word' id='word_1_361' title='bbox 995 3962 1084 4033; x_wconf 88' lang='lat' dir='ltr'><strong>adyto</strong></span> <span class='ocrx_word' id='word_1_362' title='bbox 1102 3979 1270 4034; x_wconf 87' lang='lat' dir='ltr'><strong>responsam</strong></span> <span class='ocrx_word' id='word_1_363' title='bbox 1287 3969 1344 4020; x_wconf 88' lang='lat' dir='ltr'><strong>est:</strong></span> <span class='ocrx_word' id='word_1_364' title='bbox 1364 3961 1517 4019; x_wconf 70' lang='lat' dir='ltr'><strong>masmar</strong></span> <span class='ocrx_word' id='word_1_365' title='bbox 1533 3963 1561 4014; x_wconf 84' lang='lat' dir='ltr'><strong>in</strong></span> <span class='ocrx_word' id='word_1_366' title='bbox 1578 3957 1653 4013; x_wconf 61' lang='lat' dir='ltr'><strong>ca&amp;-</strong></span> 
     </span>
     <span class='ocr_line' id='line_1_39' title="bbox 353 4043 1656 4120; baseline -0.003 -14"><span class='ocrx_word' id='word_1_367' title='bbox 353 4050 417 4106; x_wconf 81' lang='lat' dir='ltr'><strong>lihes</strong></span> <span class='ocrx_word' id='word_1_368' title='bbox 434 4053 494 4106; x_wconf 79' lang='lat' dir='ltr'><strong>aaa.</strong></span> <span class='ocrx_word' id='word_1_369' title='bbox 531 4047 612 4116; x_wconf 78' lang='lat' dir='ltr'><strong>Quod</strong></span> <span class='ocrx_word' id='word_1_370' title='bbox 629 4063 691 4104; x_wconf 89' lang='lat' dir='ltr'><strong>cum</strong></span> <span class='ocrx_word' id='word_1_371' title='bbox 708 4043 836 4119; x_wconf 82' lang='lat' dir='ltr'><strong>pontifex</strong></span> <span class='ocrx_word' id='word_1_372' title='bbox 852 4044 1027 4118; x_wconf 86' lang='lat' dir='ltr'><strong>stupefactus</strong></span> <span class='ocrx_word' id='word_1_373' title='bbox 1045 4048 1162 4120; x_wconf 74' lang='lat' dir='ltr'><strong>audiret,</strong></span> <span class='ocrx_word' id='word_1_374' title='bbox 1181 4049 1291 4109; x_wconf 86' lang='lat' dir='ltr'><strong>laudem</strong></span> <span class='ocrx_word' id='word_1_375' title='bbox 1310 4051 1365 4107; x_wconf 93' lang='lat' dir='ltr'><strong>deo</strong></span> <span class='ocrx_word' id='word_1_376' title='bbox 1383 4053 1499 4120; x_wconf 90' lang='lat' dir='ltr'><strong>repente</strong></span> <span class='ocrx_word' id='word_1_377' title='bbox 1518 4062 1579 4103; x_wconf 91' lang='lat' dir='ltr'><strong>cum</strong></span> <span class='ocrx_word' id='word_1_378' title='bbox 1597 4063 1656 4102; x_wconf 91' lang='lat' dir='ltr'><strong>om·</strong></span> 
     </span>
     <span class='ocr_line' id='line_1_40' title="bbox 354 4132 1654 4209; baseline -0.002 -17"><span class='ocrx_word' id='word_1_379' title='bbox 354 4136 445 4206; x_wconf 88' lang='lat' dir='ltr'><strong>nibus,</strong></span> <span class='ocrx_word' id='word_1_380' title='bbox 464 4135 511 4206; x_wconf 92' lang='lat' dir='ltr'><strong>qni</strong></span> <span class='ocrx_word' id='word_1_381' title='bbox 529 4134 657 4202; x_wconf 88' lang='lat' dir='ltr'><strong>aderant,</strong></span> <span class='ocrx_word' id='word_1_382' title='bbox 675 4132 871 4200; x_wconf 87' lang='lat' dir='ltr'><strong>conclamavit,</strong></span> <span class='ocrx_word' id='word_1_383' title='bbox 890 4139 919 4188; x_wconf 87' lang='lat' dir='ltr'><strong>et</strong></span> <span class='ocrx_word' id='word_1_384' title='bbox 937 4134 1110 4206; x_wconf 85' lang='lat' dir='ltr'><strong>appropians</strong></span> <span class='ocrx_word' id='word_1_385' title='bbox 1128 4135 1162 4192; x_wconf 89' lang='lat' dir='ltr'><strong>de</strong></span> <span class='ocrx_word' id='word_1_386' title='bbox 1180 4137 1238 4194; x_wconf 90' lang='lat' dir='ltr'><strong>loci</strong></span> <span class='ocrx_word' id='word_1_387' title='bbox 1254 4137 1343 4208; x_wconf 88' lang='lat' dir='ltr'><strong>ipsias</strong></span> <span class='ocrx_word' id='word_1_388' title='bbox 1361 4137 1477 4209; x_wconf 86' lang='lat' dir='ltr'><strong>pulvere</strong></span> <span class='ocrx_word' id='word_1_389' title='bbox 1497 4133 1654 4206; x_wconf 86' lang='lat' dir='ltr'><strong>capitisue</strong></span> 
     </span>
     <span class='ocr_line' id='line_1_41' title="bbox 354 4217 1656 4292; baseline -0.001 -15"><span class='ocrx_word' id='word_1_390' title='bbox 354 4221 480 4278; x_wconf 86' lang='lat' dir='ltr'><strong>salutare</strong></span> <span class='ocrx_word' id='word_1_391' title='bbox 498 4220 649 4278; x_wconf 89' lang='lat' dir='ltr'><strong>remedium</strong></span> <span class='ocrx_word' id='word_1_392' title='bbox 667 4217 799 4291; x_wconf 88' lang='lat' dir='ltr'><strong>apposuit</strong></span> <span class='ocrx_word' id='word_1_393' title='bbox 816 4224 846 4275; x_wconf 87' lang='lat' dir='ltr'><strong>et</strong></span> <span class='ocrx_word' id='word_1_394' title='bbox 863 4220 1032 4292; x_wconf 87' lang='lat' dir='ltr'><strong>consignato</strong></span> <span class='ocrx_word' id='word_1_395' title='bbox 1051 4237 1113 4290; x_wconf 81' lang='lat' dir='ltr'><strong>cum</strong></span> <span class='ocrx_word' id='word_1_396' title='bbox 1130 4239 1237 4280; x_wconf 84' lang='lat' dir='ltr'><strong>summa</strong></span> <span class='ocrx_word' id='word_1_397' title='bbox 1254 4223 1417 4281; x_wconf 86' lang='lat' dir='ltr'><strong>reverentia</strong></span> <span class='ocrx_word' id='word_1_398' title='bbox 1440 4223 1507 4280; x_wconf 91' lang='lat' dir='ltr'><strong>loco</strong></span> <span class='ocrx_word' id='word_1_399' title='bbox 1529 4222 1656 4277; x_wconf 64' lang='lat' dir='ltr'><strong>acessit</strong></span> 
     </span>
    </p>
   </div>
   <div class='ocr_carea' id='block_1_5' title="bbox 352 4322 1657 5013">
    <p class='ocr_par' dir='ltr' id='par_1_7' title="bbox 352 4322 1657 5013">
     <span class='ocr_line' id='line_1_42' title="bbox 445 4322 1656 4400; baseline 0.001 -20"><span class='ocrx_word' id='word_1_400' title='bbox 445 4323 527 4380; x_wconf 83' lang='lat' dir='ltr'><strong>&#39;falia</strong></span> <span class='ocrx_word' id='word_1_401' title='bbox 545 4324 656 4396; x_wconf 90' lang='lat' dir='ltr'><strong>qnidam</strong></span> <span class='ocrx_word' id='word_1_402' title='bbox 673 4322 794 4395; x_wconf 85' lang='lat' dir='ltr'><strong>plurima</strong></span> <span class='ocrx_word' id='word_1_403' title='bbox 811 4324 937 4380; x_wconf 85' lang='lat' dir='ltr'><strong>veridica</strong></span> <span class='ocrx_word' id='word_1_404' title='bbox 955 4325 1094 4383; x_wconf 89' lang='lat' dir='ltr'><strong>relatione</strong></span> <span class='ocrx_word' id='word_1_405' title='bbox 1112 4329 1325 4387; x_wconf 82' lang='lat' dir='ltr'><strong>commemorari</strong></span> <span class='ocrx_word' id='word_1_406' title='bbox 1337 4334 1464 4400; x_wconf 87' lang='lat' dir='ltr'><strong>possent,</strong></span> <span class='ocrx_word' id='word_1_407' title='bbox 1482 4328 1508 4384; x_wconf 91' lang='lat' dir='ltr'><strong>si</strong></span> <span class='ocrx_word' id='word_1_408' title='bbox 1522 4326 1656 4399; x_wconf 91' lang='lat' dir='ltr'><strong>promissi</strong></span> 
     </span>
     <span class='ocr_line' id='line_1_43' title="bbox 352 4408 1656 4483; baseline 0.002 -15"><span class='ocrx_word' id='word_1_409' title='bbox 352 4411 501 4483; x_wconf 90' lang='lat' dir='ltr'><strong>conpendii</strong></span> <span class='ocrx_word' id='word_1_410' title='bbox 525 4408 620 4467; x_wconf 89' lang='lat' dir='ltr'><strong>studia</strong></span> <span class='ocrx_word' id='word_1_411' title='bbox 641 4427 698 4466; x_wconf 91' lang='lat' dir='ltr'><strong>uon</strong></span> <span class='ocrx_word' id='word_1_412' title='bbox 721 4417 859 4468; x_wconf 84' lang='lat' dir='ltr'><strong>arcerent</strong></span> <span class='ocrx_word' id='word_1_413' title='bbox 894 4412 959 4468; x_wconf 86' lang='lat' dir='ltr'><strong>Non</strong></span> <span class='ocrx_word' id='word_1_414' title='bbox 984 4412 1056 4469; x_wconf 90' lang='lat' dir='ltr'><strong>enim</strong></span> <span class='ocrx_word' id='word_1_415' title='bbox 1079 4414 1178 4470; x_wconf 87' lang='lat' dir='ltr'><strong>exinde</strong></span> <span class='ocrx_word' id='word_1_416' title='bbox 1202 4421 1285 4474; x_wconf 85' lang='lat' dir='ltr'><strong>erant</strong></span> <span class='ocrx_word' id='word_1_417' title='bbox 1308 4415 1349 4472; x_wconf 91' lang='lat' dir='ltr'><strong>ibi</strong></span> <span class='ocrx_word' id='word_1_418' title='bbox 1366 4417 1414 4472; x_wconf 86' lang='lat' dir='ltr'><strong>vel</strong></span> <span class='ocrx_word' id='word_1_419' title='bbox 1431 4421 1497 4472; x_wconf 88' lang='lat' dir='ltr'><strong>sunt</strong></span> <span class='ocrx_word' id='word_1_420' title='bbox 1512 4431 1581 4470; x_wconf 89' lang='lat' dir='ltr'><strong>rara</strong></span> <span class='ocrx_word' id='word_1_421' title='bbox 1598 4415 1656 4470; x_wconf 89' lang='lat' dir='ltr'><strong>vir·</strong></span> 
     </span>
     <span class='ocr_line' id='line_1_44' title="bbox 354 4497 1657 4576; baseline -0.002 -18"><span class='ocrx_word' id='word_1_422' title='bbox 354 4505 443 4558; x_wconf 89' lang='lat' dir='ltr'><strong>tutum</strong></span> <span class='ocrx_word' id='word_1_423' title='bbox 461 4515 566 4571; x_wconf 88' lang='lat' dir='ltr'><strong>opera,</strong></span> <span class='ocrx_word' id='word_1_424' title='bbox 585 4498 635 4556; x_wconf 91' lang='lat' dir='ltr'><strong>sed</strong></span> <span class='ocrx_word' id='word_1_425' title='bbox 651 4513 733 4569; x_wconf 82' lang='lat' dir='ltr'><strong>pmne</strong></span> <span class='ocrx_word' id='word_1_426' title='bbox 752 4497 919 4569; x_wconf 86' lang='lat' dir='ltr'><strong>cottidiana,</strong></span> <span class='ocrx_word' id='word_1_427' title='bbox 930 4516 1056 4572; x_wconf 87' lang='lat' dir='ltr'><strong>quorum</strong></span> <span class='ocrx_word' id='word_1_428' title='bbox 1073 4503 1277 4560; x_wconf 85' lang='lat' dir='ltr'><strong>multitudinem</strong></span> <span class='ocrx_word' id='word_1_429' title='bbox 1293 4505 1375 4560; x_wconf 87' lang='lat' dir='ltr'><strong>simul</strong></span> <span class='ocrx_word' id='word_1_430' title='bbox 1392 4507 1423 4559; x_wconf 90' lang='lat' dir='ltr'><strong>et</strong></span> <span class='ocrx_word' id='word_1_431' title='bbox 1438 4501 1657 4576; x_wconf 81' lang='lat' dir='ltr'><strong>magnitudinem</strong></span> 
     </span>
     <span class='ocr_line' id='line_1_45' title="bbox 354 4584 1655 4664; baseline 0 -20"><span class='ocrx_word' id='word_1_432' title='bbox 354 4587 535 4654; x_wconf 81' lang='lat' dir='ltr'><strong>ammiratus,</strong></span> <span class='ocrx_word' id='word_1_433' title='bbox 572 4585 697 4656; x_wconf 89' lang='lat' dir='ltr'><strong>quisquis</strong></span> <span class='ocrx_word' id='word_1_434' title='bbox 727 4584 853 4657; x_wconf 84' lang='lat' dir='ltr'><strong>ejusdem</strong></span> <span class='ocrx_word' id='word_1_435' title='bbox 878 4587 1008 4644; x_wconf 88' lang='lat' dir='ltr'><strong>ecclesiae</strong></span> <span class='ocrx_word' id='word_1_436' title='bbox 1036 4589 1141 4646; x_wconf 89' lang='lat' dir='ltr'><strong>cultori</strong></span> <span class='ocrx_word' id='word_1_437' title='bbox 1166 4591 1283 4647; x_wconf 86' lang='lat' dir='ltr'><strong>cuilibet</strong></span> <span class='ocrx_word' id='word_1_438' title='bbox 1308 4592 1447 4664; x_wconf 90' lang='lat' dir='ltr'><strong>religioso</strong></span> <span class='ocrx_word' id='word_1_439' title='bbox 1474 4589 1655 4660; x_wconf 82' lang='lat' dir='ltr'><strong>colloquitur.</strong></span> 
     </span>
     <span class='ocr_line' id='line_1_46' title="bbox 354 4669 1656 4750; baseline 0.003 -20"><span class='ocrx_word' id='word_1_440' title='bbox 354 4673 426 4730; x_wconf 91' lang='lat' dir='ltr'><strong>Nam</strong></span> <span class='ocrx_word' id='word_1_441' title='bbox 444 4672 598 4744; x_wconf 89' lang='lat' dir='ltr'><strong>quicunque</strong></span> <span class='ocrx_word' id='word_1_442' title='bbox 617 4669 672 4726; x_wconf 86' lang='lat' dir='ltr'><strong>fide</strong></span> <span class='ocrx_word' id='word_1_443' title='bbox 696 4687 751 4728; x_wconf 87' lang='lat' dir='ltr'><strong>non</strong></span> <span class='ocrx_word' id='word_1_444' title='bbox 771 4672 946 4730; x_wconf 84' lang='lat' dir='ltr'><strong>dormitante·</strong></span> <span class='ocrx_word' id='word_1_445' title='bbox 957 4676 1139 4747; x_wconf 79' lang='lat' dir='ltr'><strong>qualemlibet</strong></span> <span class='ocrx_word' id='word_1_446' title='bbox 1155 4677 1196 4734; x_wconf 91' lang='lat' dir='ltr'><strong>ibi</strong></span> <span class='ocrx_word' id='word_1_447' title='bbox 1211 4679 1349 4736; x_wconf 82' lang='lat' dir='ltr'><strong>medelam</strong></span> <span class='ocrx_word' id='word_1_448' title='bbox 1365 4677 1540 4750; x_wconf 78' lang='lat' dir='ltr'><strong>expostulat,</strong></span> <span class='ocrx_word' id='word_1_449' title='bbox 1564 4677 1656 4749; x_wconf 85' lang='lat' dir='ltr'><strong>ipsam</strong></span> 
     </span>
     <span class='ocr_line' id='line_1_47' title="bbox 353 4759 1655 4833; baseline 0.005 -19"><span class='ocrx_word' id='word_1_450' title='bbox 353 4759 415 4816; x_wconf 90' lang='lat' dir='ltr'><strong>illic</strong></span> <span class='ocrx_word' id='word_1_451' title='bbox 438 4761 587 4815; x_wconf 89' lang='lat' dir='ltr'><strong>sanitatem</strong></span> <span class='ocrx_word' id='word_1_452' title='bbox 612 4759 673 4815; x_wconf 92' lang='lat' dir='ltr'><strong>voti</strong></span> <span class='ocrx_word' id='word_1_453' title='bbox 697 4774 813 4831; x_wconf 90' lang='lat' dir='ltr'><strong>compos</strong></span> <span class='ocrx_word' id='word_1_454' title='bbox 836 4777 947 4833; x_wconf 88' lang='lat' dir='ltr'><strong>semper</strong></span> <span class='ocrx_word' id='word_1_455' title='bbox 965 4764 1065 4821; x_wconf 88' lang='lat' dir='ltr'><strong>adesse</strong></span> <span class='ocrx_word' id='word_1_456' title='bbox 1082 4781 1140 4822; x_wconf 88' lang='lat' dir='ltr'><strong>non</strong></span> <span class='ocrx_word' id='word_1_457' title='bbox 1160 4765 1277 4823; x_wconf 86' lang='lat' dir='ltr'><strong>dubitat</strong></span> <span class='ocrx_word' id='word_1_458' title='bbox 1312 4765 1423 4823; x_wconf 82' lang='lat' dir='ltr'><strong>Similia</strong></span> <span class='ocrx_word' id='word_1_459' title='bbox 1440 4782 1555 4823; x_wconf 87' lang='lat' dir='ltr'><strong>suorum</strong></span> <span class='ocrx_word' id='word_1_460' title='bbox 1573 4765 1655 4820; x_wconf 86' lang='lat' dir='ltr'><strong>mari·</strong></span> 
     </span>
     <span class='ocr_line' id='line_1_48' title="bbox 354 4843 1655 4915; baseline 0.006 -15"><span class='ocrx_word' id='word_1_461' title='bbox 354 4851 448 4901; x_wconf 85' lang='lat' dir='ltr'><strong>torum</strong></span> <span class='ocrx_word' id='word_1_462' title='bbox 467 4843 569 4899; x_wconf 88' lang='lat' dir='ltr'><strong>indicia</strong></span> <span class='ocrx_word' id='word_1_463' title='bbox 587 4861 608 4899; x_wconf 91' lang='lat' dir='ltr'><strong>s.</strong></span> <span class='ocrx_word' id='word_1_464' title='bbox 628 4847 741 4915; x_wconf 89' lang='lat' dir='ltr'><strong>Victor,</strong></span> <span class='ocrx_word' id='word_1_465' title='bbox 771 4847 887 4904; x_wconf 77' lang='lat' dir='ltr'><strong>Cassius</strong></span> <span class='ocrx_word' id='word_1_466' title='bbox 905 4855 934 4905; x_wconf 91' lang='lat' dir='ltr'><strong>et</strong></span> <span class='ocrx_word' id='word_1_467' title='bbox 951 4851 1112 4908; x_wconf 83' lang='lat' dir='ltr'><strong>Florentius</strong></span> <span class='ocrx_word' id='word_1_468' title='bbox 1134 4869 1196 4908; x_wconf 88' lang='lat' dir='ltr'><strong>cum</strong></span> <span class='ocrx_word' id='word_1_469' title='bbox 1219 4854 1279 4909; x_wconf 91' lang='lat' dir='ltr'><strong>suis</strong></span> <span class='ocrx_word' id='word_1_470' title='bbox 1297 4851 1532 4910; x_wconf 86' lang='lat' dir='ltr'><strong>commilitonibus</strong></span> <span class='ocrx_word' id='word_1_471' title='bbox 1551 4851 1655 4908; x_wconf 89' lang='lat' dir='ltr'><strong>crebro</strong></span> 
     </span>
     <span class='ocr_line' id='line_1_49' title="bbox 354 4932 1656 5013; baseline 0.007 -27"><span class='ocrx_word' id='word_1_472' title='bbox 354 4932 423 4986; x_wconf 87' lang='lat' dir='ltr'><strong>dare</strong></span> <span class='ocrx_word' id='word_1_473' title='bbox 441 4948 497 4988; x_wconf 90' lang='lat' dir='ltr'><strong>uon</strong></span> <span class='ocrx_word' id='word_1_474' title='bbox 516 4932 653 5004; x_wconf 88' lang='lat' dir='ltr'><strong>desinunt,</strong></span> <span class='ocrx_word' id='word_1_475' title='bbox 671 4950 734 5006; x_wconf 82' lang='lat' dir='ltr'><strong>qnae</strong></span> <span class='ocrx_word' id='word_1_476' title='bbox 752 4951 833 4991; x_wconf 86' lang='lat' dir='ltr'><strong>nemo</strong></span> <span class='ocrx_word' id='word_1_477' title='bbox 852 4937 948 5009; x_wconf 90' lang='lat' dir='ltr'><strong>utique</strong></span> <span class='ocrx_word' id='word_1_478' title='bbox 965 4940 1062 4995; x_wconf 88' lang='lat' dir='ltr'><strong>verbis</strong></span> <span class='ocrx_word' id='word_1_479' title='bbox 1079 4941 1180 4996; x_wconf 86' lang='lat' dir='ltr'><strong>nedum</strong></span> <span class='ocrx_word' id='word_1_480' title='bbox 1197 4941 1313 5012; x_wconf 87' lang='lat' dir='ltr'><strong>scriptis</strong></span> <span class='ocrx_word' id='word_1_481' title='bbox 1326 4940 1487 5013; x_wconf 87' lang='lat' dir='ltr'><strong>adplenum</strong></span> <span class='ocrx_word' id='word_1_482' title='bbox 1500 4939 1656 5010; x_wconf 81' lang='lat' dir='ltr'><strong>exequitur.</strong></span> 
     </span>
    </p>
   </div>
   <div class='ocr_carea' id='block_1_6' title="bbox 354 5021 1656 5098">
    <p class='ocr_par' dir='ltr' id='par_1_8' title="bbox 354 5021 1656 5098">
     <span class='ocr_line' id='line_1_50' title="bbox 354 5021 1656 5098; baseline 0.004 -22"><span class='ocrx_word' id='word_1_483' title='bbox 354 5023 383 5076; x_wconf 80' lang='lat' dir='ltr'><strong>to</strong></span> <span class='ocrx_word' id='word_1_484' title='bbox 401 5022 463 5076; x_wconf 83' lang='lat' dir='ltr'><strong>lecta</strong></span> <span class='ocrx_word' id='word_1_485' title='bbox 480 5026 571 5078; x_wconf 61' lang='lat' dir='ltr'><strong>umen</strong></span> <span class='ocrx_word' id='word_1_486' title='bbox 588 5027 652 5094; x_wconf 76' lang='lat' dir='ltr'><strong>asia,</strong></span> <span class='ocrx_word' id='word_1_487' title='bbox 686 5021 735 5078; x_wconf 93' lang='lat' dir='ltr'><strong>uhi</strong></span> <span class='ocrx_word' id='word_1_488' title='bbox 751 5022 918 5080; x_wconf 87' lang='lat' dir='ltr'><strong>mirabiliter</strong></span> <span class='ocrx_word' id='word_1_489' title='bbox 937 5021 1165 5098; x_wconf 79' lang='lat' dir='ltr'><strong>frequentantur,</strong></span> <span class='ocrx_word' id='word_1_490' title='bbox 1196 5028 1312 5084; x_wconf 90' lang='lat' dir='ltr'><strong>nberius</strong></span> <span class='ocrx_word' id='word_1_491' title='bbox 1330 5029 1414 5084; x_wconf 91' lang='lat' dir='ltr'><strong>etiam</strong></span> <span class='ocrx_word' id='word_1_492' title='bbox 1430 5026 1607 5083; x_wconf 85' lang='lat' dir='ltr'><strong>sermonibus</strong></span> <span class='ocrx_word' id='word_1_493' title='bbox 1626 5030 1656 5082; x_wconf 92' lang='lat' dir='ltr'><strong>et</strong></span> 
     </span>
    </p>
   </div>
   <div class='ocr_carea' id='block_1_7' title="bbox 0 0 1950 6025">
    <p class='ocr_par' dir='ltr' id='par_1_9' title="bbox 0 0 1950 6025">
     <span class='ocr_line' id='line_1_51' title="bbox 0 0 1950 6025; baseline 0 0"><span class='ocrx_word' id='word_1_494' title='bbox 0 0 1950 6025; x_wconf 95' lang='lat' dir='ltr'><strong> </strong></span> 
     </span>
    </p>
   </div>
  </div>
 </body>
</html>
