3892 6025
747 1101 857 1177 1093.
889 1103 947 1175 De
972 1102 1105 1175 eodem.

272 1359 302 1419 1.
336 1354 590 1439 Gongandentes
613 1358 793 1424 exultemus

374 1457 481 1522 vocali
505 1459 680 1524 concordia

336 1560 377 1625 ad
399 1560 486 1626 beati
510 1562 637 1628 Nicolai

374 1666 494 1731 festiva
517 1667 701 1749 sollemnia;

335 1801 397 1880 oui
418 1803 451 1867 in
474 1806 565 1869 oanis
587 1804 694 1871 adhue
713 1806 830 1887 jacens
874 1808 894 1869 5

375 1905 540 1971 servando
559 1907 687 1991 jejunia

336 2030 356 2074 a
381 2010 510 2094 papillis
535 2012 633 2095 ooepit
655 2031 778 2077 summa
815 2098 818 2105 Ι

373 2114 555 2197 promereri
576 2115 705 2199 gapdia.

334 2239 540 2308 Adolescens
563 2245 768 2329 amplexatur

372 2344 538 2409 literarum
561 2344 685 2427 studia,
853 2348 893 2411 10

334 2447 457 2513 alienus
486 2457 519 2513 et
541 2450 686 2515 immanis

372 2554 413 2617 ab
436 2552 522 2616 omni
545 2554 689 2621 lascivia.

266 2737 297 2799 2.
328 2734 423 2801 Felix
447 2736 632 2819 consessor,

332 2840 425 2924 oujns
448 2840 508 2905 init
531 2840 697 2923 dignitatis

370 2960 436 3007 vox
460 2942 501 3007 de
524 2944 615 3008 coelis
638 2943 762 3029 nuntia,
850 2947 890 3009 15

330 3065 391 3130 per
413 3066 509 3129 quam
531 3055 708 3130 provectus

331 3149 526 3232 praesalatds
548 3151 740 3216 sublimatur

370 3252 413 3318 ad
436 3271 557 3318 summa
582 3254 722 3337 fastigia.

331 3384 413 3451 Erat
433 3388 466 3451 in
489 3388 561 3471 ejus
584 3387 691 3454 animo

370 3490 475 3574 pietas
499 3493 618 3558 eximia
847 3495 889 3560 20

328 3599 361 3655 et
384 3595 551 3676 oppressis
573 3593 771 3678 inpendebat

369 3697 468 3760 multa
490 3697 659 3763 benefioia.

262 3878 293 3940 3.
323 3873 417 3943 Auro
438 3899 499 3963 per
521 3901 593 3946 enm
616 3883 777 3965 virginum

367 3983 490 4049 tollitur
512 3987 645 4054 infamia

328 4092 425 4166 atqua
448 4088 551 4170 patris
573 4088 749 4154 earundem
845 4091 887 4154 25

365 4187 494 4252 levatur
515 4191 634 4276 inopia.

328 4315 463 4392 Quidam
486 4327 594 4383 nantae
615 4322 809 4404 navigantes

367 4429 401 4485 et
423 4429 537 4488 oontm
560 4422 713 4489 llnotnnm
831 4429 834 4432 ’

367 4525 525 4588 saevitiam
548 4525 726 4609 luctantes,

330 4627 406 4689 navi
428 4645 523 4710 paene
548 4627 721 4710 dissoluta,
844 4633 886 4697 30

327 4757 402 4823 dam
425 4757 466 4823 de
488 4761 557 4824 vita
580 4759 794 4844 desperantes

365 4861 398 4926 in
420 4869 510 4927 tanto
533 4865 632 4946 positi

365 4968 512 5050 perienlo
536 4969 713 5036 clamantes

328 5086 411 5134 vene
435 5071 544 5137 dionnt
566 5091 677 5140 omnes
700 5095 779 5141 nna:

948 1359 978 1422 l.
1012 1356 1060 1443 „0
1082 1362 1178 1424 beate
1200 1362 1352 1448 Nioolae‚
1532 1370 1574 1433 55

1011 1482 1072 1528 555
1096 1464 1138 1529 ad
1160 1474 1289 1550 portam
1312 1472 1411 1534 maris
1431 1471 1526 1539 trahe

1053 1566 1095 1630 de
1118 1570 1229 1633 mortis
1254 1572 1426 1654 angustia!

1013 1670 1107 1735 trahe
1130 1690 1190 1735 nos
1214 1672 1256 1737 ad
1278 1684 1408 1758 portam
1431 1679 1545 1760 maris,

1012 1779 1046 1836 tn
1070 1772 1125 1854 qui
1147 1779 1196 1838 tot
1218 1775 1399 1859 auxiliaris,

1051 1875 1182 1959 pietatis
1205 1876 1342 1961 gratia“
1530 1884 1574 1951 dd

1010 2055 1092 2122 Dnm
1114 2060 1301 2143 clamarent,
1324 2065 1574 2151 radinensem,

1012 2158 1143 2244 „eooe“‚
1166 2162 1296 2245 quidam
1319 2166 1407 2247 dicit,
1427 2185 1556 2252 „mum

1051 2263 1093 2328 ad
1116 2274 1229 2330 vestra
1251 2266 1438 2351 p‘raesidia.“

1012 2370 1119 2432 statim
1142 2390 1222 2434 aura
1245 2368 1341 2438 datur
1364 2384 1460 2457 grata

1013 2477 1046 2533 et
1068 2477 1245 2555 tempestas
1268 2472 1305 2537 fit
1327 2475 1460 2559 sedata,
1526 2476 1569 2542 45

1049 2573 1243 2656 quieverunt
1263 2576 1376 2641 maria.

1009 2754 1094 2837 Nos,
1118 2758 1171 2838 qni
1190 2776 1299 2823 snmus
1314 2760 1346 2823 in
1361 2760 1426 2825 hoo
1440 2760 1571 2845 mundo,

1009 2858 1161 2923 vitiorum
1183 2860 1216 2924 in
1238 2860 1402 2945 profundo

1044 2964 1114 3048 jam
1137 2965 1227 3050 passi
1249 2966 1436 3050 naufragia,

1009 3066 1153 3148 gloriose
1174 3065 1326 3148 Nimiae,
1527 3068 1570 3134 50

1008 3169 1052 3236 ad
1075 3172 1189 3237 salutis
1210 3180 1341 3258 portum
1363 3171 1473 3254 trahe,

1048 3275 1103 3340 nbi
1125 3296 1191 3360 pax
1214 3286 1248 3342 et
1269 3275 1399 3359 gandia.

942 3572 972 3636 5.
1001 3569 1054 3637 Ex
1075 3570 1177 3656 ipsias
1199 3572 1309 3636 tumba
1331 3579 1440 3636 manat

1047 3672 1205 3738 unctionis
1229 3673 1343 3757 copia,

1008 3798 1080 3861 qnae
1104 3777 1248 3846 infirmos
1271 3798 1383 3844 omnes
1405 3786 1500 3844 sanat
1524 3779 1568 3842 55

1046 3901 1107 3965 per
1129 3882 1201 3965 ejns
1226 3881 1404 3966 suffragia..

1007 4060 1099 4127 lllam
1121 4061 1215 4125 nobis
1237 4059 1420 4126 unctionem

1050 4165 1204 4248 impetres
1227 4164 1270 4230 ad
1292 4163 1452 4229 dominnm

1089 4286 1189 4353 prece
1211 4270 1283 4354 pia,

1007 4392 1071 4455 qna
1093 4373 1222 4437 sanavit
1244 4373 1409 4437 laesionem
1522 4374 1563 4437 60

1043 4477 1216 4542 multorum
1238 4478 1461 4561 peeoaminnm

1088 4579 1121 4642 in
1142 4578 1257 4642 Maria.

1004 4759 1110 4844 llujns
1133 4761 1249 4826 testam
1272 4760 1478 4826 celebrantes

1044 4864 1211 4946 gaudeant
1231 4884 1292 4948 per
1315 4864 1440 4929 saecula

1006 4977 1040 5036 et
1062 4977 1198 5036 ooronet
1220 4987 1279 5035 eos
1300 4967 1450 5036 Christus
1522 4969 1564 5032 65

1044 5081 1120 5158 post
1141 5073 1219 5139 vitae
1240 5073 1411 5140 ourrioula
