3892 6025
409 1161 496 1234 999.
529 1157 615 1233 Alia
643 1167 826 1263 sequentia
853 1165 897 1240 tle
926 1194 954 1243 s.
981 1172 1150 1246 liuterius
1180 1177 1423 1276 (noporioomJ.

280 1401 310 1464 1.
344 1399 408 1465 Ave
426 1401 574 1482 preclaro
596 1404 789 1487 margarita,

345 1522 419 1566 uam
441 1512 497 1569 tua
516 1511 630 1569 tenera

344 1613 395 1669 est
415 1606 484 1672 vita
507 1606 683 1673 crudeliter
705 1615 801 1674 torta.

277 1797 308 1858 2.
340 1794 427 1876 Eupo
448 1794 545 1877 virgo
568 1793 705 1876 christi,

342 1905 375 1962 te
397 1901 605 1980 proesentpsti

343 2000 385 2066 ael
407 1997 521 2067 manns
543 2013 712 2087 cruentas,

342 2114 379 2170 nt
400 2106 484 2171 falsu
506 2108 635 2172 numina
658 2110 824 2195 ostendas,

343 2209 431 2291 quod
452 2229 517 2276 non
540 2213 583 2276 sit
604 2213 635 2277 iu
659 2213 710 2279 his

342 2315 447 2398 salus,
470 2315 644 2382 affirmans.

346 2450 450 2533 l'irpo,
473 2455 568 2519 tecm
582 2457 704 2536 monti,
863 2461 903 2524 10

341 2561 376 2618 tu
397 2557 560 2638 superasti

341 2655 442 2720 salsos
466 2667 615 2722 oratores

340 2761 509 2843 praemittis
532 2781 646 2829 roseos
668 2773 704 2832 ut
726 2767 825 2832 flores

340 2864 416 2946 igne
438 2877 599 2932 crematos

342 2967 384 3033 ad
407 2970 481 3035 eseli
504 2972 632 3039 choros.
861 2981 902 3043 15

272 3160 305 3223 3.
339 3160 380 3225 Te
395 3160 521 3243 plenum
542 3162 603 3243 fide

339 3263 457 3329 seimus
476 3284 536 3349 spe
557 3277 591 3331 et
613 3270 767 3335 caritate·

340 3366 559 3435 blandimenta

339 3478 374 3534 et
395 3472 497 3536 minas
520 3473 650 3540 derides
671 3485 705 3541 et
726 3478 844 3561 plagas

339 3575 428 3657 regis
452 3595 623 3661 exuperas.
857 3586 900 3650 20

342 3716 382 3780 To
404 3716 520 3799 lionam
541 3721 610 3783 oito

339 3821 496 3883 saturavit
515 3822 727 3905 sempiterne,

338 3920 426 4003 quorl
448 3922 490 3987 ad
513 3922 672 3989 flammam

338 4042 399 4087 neo
421 4023 537 4088 famem
567 4046 629 4092 neo
650 4029 739 4112 regis
762 4048 897 4097 examen

336 4144 399 4191 nee
420 4136 555 4192 mortem
576 4114 713 4214 paveas,

271 4316 304 4377 4.
335 4315 379 4380 To
401 4334 516 4398 opoom
538 4336 655 4401 repeto,

337 4426 429 4487 terro
450 4424 690 4505 dominatorem,

337 4522 497 4605 sapientia

338 4624 447 4691 divina
469 4628 616 4708 testariS,

336 4727 516 4813 dampnosa
538 4732 666 4796 numina
854 4740 899 4802 30

337 4835 427 4915 regis
450 4837 630 4917 execraris,

340 4970 443 5053 Tuque
461 4972 617 5055 forontem

336 5074 507 5144 Leoiottoo
528 5086 701 5163 serpentem

1026 1411 1208 1497 projeelnm
1232 1417 1316 1482 soelo

1025 1515 1205 1584 demmsum
1226 1521 1387 1606 profundo
1544 1527 1586 1590 35

1025 1618 1155 1685 humani
1177 1625 1309 1706 generis

1024 1738 1100 1784 esse
1122 1723 1290 1787 inimicum.

884 1907 904 1966 5
958 1913 988 1974 s.
1020 1911 1101 1977 Hine
1123 1914 1290 1994 gentilium

1024 2019 1187 2083 concurrit
1210 2019 1317 2102 plebs,
1342 2022 1456 2104 regina

1024 2120 1128 2185 credit
1150 2129 1183 2186 et
1205 2121 1424 2206 Porphyrius,
1543 2127 1585 2190 to

1024 2227 1059 2286 at
1080 2221 1263 2288 Maxentius

1023 2323 1162 2390 furit-ao
1184 2327 1292 2391 fremit

1023 2428 1168 2510 reginam
1187 2429 1335 2513 jugulari
1358 2439 1454 2515 atque

1022 2529 1137 2595 ducem
1159 2535 1332 2616 praeeepit;

1022 2635 1222 2698 aeternaliter
1541 2640 1581 2700 45

1021 2735 1198 2800 coronandi
1220 2744 1388 2804 transeunt
1450 2751 1455 2762 '

1019 2838 1063 2903 ad
1086 2839 1188 2904 eoelos
1211 2841 1432 2908 victorialiter.

1019 2975 1100 3043 llioo
1122 2997 1241 3046 mortno
1260 2997 1368 3046 oerum

1020 3087 1218 3168 martyribus
1241 3086 1338 3149 datm

1019 3187 1051 3250 in
1075 3208 1180 3253 aevum
1202 3190 1234 3253 iu
1258 3190 1363 3270 eoelis,
1539 3192 1580 3255 50

1018 3298 1054 3353 nt
1076 3289 1264 3357 Katheriuae

1017 3394 1141 3467 fruetus
1164 3405 1340 3460 accrescat.

1013 3495 1084 3579 jam
1099 3504 1181 3561 rotae
1193 3508 1423 3582 praeparantur
1438 3500 1480 3563 ad
1495 3500 1580 3567 hano

1018 3600 1225 3667 lacerandam
1249 3620 1288 3667 ao

1016 3722 1092 3767 mox
1114 3706 1330 3788 prosternitur
1538 3712 1578 3771 55

1016 3816 1157 3891 martyr,
1180 3810 1269 3891 regis
1291 3810 1395 3874 illaesa

1017 3909 1078 3974 hiis
1102 3910 1179 3974 diris
1203 3913 1406 3978 eruciatibus.

856 4135 897 4196 25
950 4118 980 4189 ll.
1013 4126 1079 4193 Fae
1099 4126 1214 4210 sontem
1238 4128 1373 4208 dulcem,

1017 4248 1111 4310 quem
1134 4228 1313 4293 Katherina

1017 4340 1147 4415 martyr,
1164 4332 1397 4415 praegustavit,
1536 4332 1576 4397 60

1016 4434 1182 4515 deportare
1203 4454 1274 4500 oum
1295 4439 1422 4500 sincera
1443 4434 1512 4517 fido,

1016 4544 1104 4599 etta
1127 4535 1175 4601 sie
1198 4557 1326 4621 amare,

1016 4644 1053 4703 ut
1075 4638 1259 4703 confitendo

1016 4750 1104 4807 tuum
1126 4744 1287 4826 possimus

1017 4863 1158 4910 amorem
1180 4847 1328 4911 invitare.
1538 4856 1577 4917 65

1016 4984 1081 5051 llos
1103 4988 1169 5067 ipat·
1189 4992 1299 5053 sonato

1016 5106 1076 5153 nos
1098 5090 1304 5173 inflammari,
