3892 6025
1418 1090 1571 1166 842

543 1314 893 1381 Benedicte
914 1363 932 1396 ‚
977 1315 1206 1380 merita

543 1426 612 1483 ut
655 1420 1008 1483 reboentur
1051 1417 1334 1500 inclyta,

543 1530 798 1586 nostras
843 1530 1093 1586 mentes
1138 1521 1353 1585 excita

629 1643 831 1709 prece
876 1626 1005 1709 pia.

545 1816 843 1882 Patribus
890 1834 1030 1879 cum
1078 1814 1313 1880 ceteris

545 1927 732 2004 pater
773 1938 931 1983 vere
978 1917 1241 1999 diceris,

546 2025 669 2088 tuis
716 2023 905 2088 datus
949 2024 1231 2107 posteris

630 2128 743 2193 lux
791 2135 858 2192 et
901 2129 1029 2191 via.

548 2318 642 2383 Tu
685 2317 913 2382 Enoch
961 2315 1334 2398 dulcedine,

546 2433 615 2487 tu
657 2421 800 2486 Noe
847 2421 1192 2505 regimine,

546 2520 883 2587 Abraham
923 2542 1065 2588 cum
1110 2523 1355 2600 semine

630 2626 1027 2691 benedictus.

547 2813 734 2878 Isaac
775 2812 1118 2891 obediens,

548 2914 758 2980 Jacob
804 2914 1004 2978 multa
1048 2914 1303 2997 patiens

552 3028 619 3081 et
659 3018 905 3103 Joseph
953 3018 1302 3103 proficiens

637 3144 792 3188 vere
840 3124 1065 3189 dictus.

548 3315 821 3398 Moyses
866 3336 938 3379 es
984 3315 1262 3399 regulis,

546 3419 752 3484 Josue
796 3420 1119 3483 miraculis

549 3529 616 3586 et
660 3520 872 3585 David
919 3522 979 3585 in
1026 3522 1285 3606 populis

636 3624 1015 3689 nominatus.

728 3810 843 3863 Ans
880 3808 1183 3866 denselben
1216 3810 1510 3866 Zusfitzen.

3027 695 3157 760 229

1575 1142 1592 1163 .
1659 1089 1827 1164 Alia
1881 1093 2266 1190 sequentia.
2336 1154 2343 1162 .

1716 2422 1796 2486 10

1713 3022 1793 3081 15

1713 3627 1798 3692 20

1898 1311 2211 1378 Salomon
2256 1312 2630 1398 prudentia,

1897 1414 2123 1481 Helias
2169 1419 2531 1483 constantia
2553 1467 2571 1501 ‚

1896 1519 2222 1585 Helisaeus
2269 1522 2460 1606 copia

1986 1622 2181 1687 farris
2228 1622 2437 1688 datus.

1898 1810 2141 1896 Esayae
2186 1814 2431 1878 veritas
2450 1861 2467 1894 ,
3067 1817 3150 1879 25

1898 1919 2209 1986 Jeremiae
2256 1923 2529 2005 caritas,

1900 2020 2191 2087 Danielis
2237 2024 2504 2088 castitas

1988 2125 2486 2190 recommendat.

1820 2322 1825 2327 '
1903 2312 1998 2378 Te
2043 2313 2381 2399 prophetis
2429 2314 2793 2397 conscium,
2846 2334 2853 2343 ·

1904 2417 2220 2500 apostolis
2264 2466 2528 2481 .....
3071 2418 3154 2482 30

1903 2527 2206 2601 tuumque
2252 2521 2632 2602 martyrium

1989 2639 2169 2684 mens
2220 2621 2529 2685 attendat.

1904 2811 2003 2877 Tu
2040 2813 2378 2878 confessor
2421 2811 2688 2896 nitidus,

1903 2924 1974 2980 tu
2020 2936 2092 2980 es
2136 2917 2328 3000 virgo
2374 2917 2720 2998 candidus,

1900 3021 2133 3087 coelum
2180 3023 2438 3089 scandis
2484 3023 2864 3108 splendidus
3066 3024 3148 3086 35

2033 3126 2247 3191 victor
2291 3127 2496 3191 fortis.

1902 3315 2041 3380 Nos
2089 3325 2300 3380 tecum
2344 3316 2451 3381 fac
2496 3316 2813 3381 scandere

1904 3418 2245 3483 mundatos
2290 3438 2331 3481 a.
2373 3420 2658 3500 scelere,

1904 3520 2036 3585 noli
2082 3538 2201 3584 nos
2248 3520 2556 3584 deserere

1991 3623 2156 3688 hora
2199 3626 2441 3688 mortis.
3071 3624 3154 3688 40

724 3935 753 3984 1
794 3932 1095 4002 Benedicti,
1130 3931 1225 3988 Hs.
1297 3934 1371 3987 3⁰
1405 3929 1549 3989 fehlt
1584 3934 1674 3988 ein
1710 3932 1905 4003 Wort,
1940 3932 2233 3989 vielleicht
2267 3933 2496 3990 socium.

916 4250 1090 4325 843.
1179 4251 1295 4323 De
1350 4276 1404 4323 s.
1457 4250 1889 4347 Benedicto‚
1954 4250 2045 4325 ad
2097 4276 2431 4350 vesperas
2476 4250 2797 4350 hymnus.

549 4485 797 4552 Christi
839 4489 1102 4553 favente
1148 4493 1363 4573 gratia

547 4599 816 4656 resonet
860 4593 1049 4677 plebs
1097 4596 1378 4660 obnoxia

544 4694 889 4761 Benedicti
932 4699 1264 4781 praeconia

546 4808 619 4863 et
663 4807 792 4864 tam
839 4800 1076 4866 festiva
1120 4801 1380 4886 gaudia.

544 4987 670 5052 Vir
713 4989 868 5053 vitae
913 4993 1334 5077 venerabilis,

541 5090 808 5155 virtutis
854 5091 1229 5185 ineffabilis,

1909 4477 2013 4556 vir
2059 4509 2261 4575 opere
2305 4491 2677 4569 laudabilis,

1909 4593 2208 4660 doctrina
2253 4594 2789 4660 commendaliiiis.

1903 4780 2118 4851 Aetas
2164 4785 2229 4849 in
2275 4784 2629 4868 puerilibus

1906 4888 2136 4953 transit
2181 4897 2247 4952 et
2293 4887 2468 4954 cedit
2507 4890 2833 4966 morilius‚
3085 4890 3162 4950 1⁴]

1908 4993 2148 5077 spretis
2192 4994 2481 5077 paternis
2527 4994 2817 5058 omnihus

1909 5095 2122 5161 haeret
2171 5096 2469 5181 supernis
2516 5096 2777 5162 civibus,
