3892 6025
694 1026 781 1099 696.
820 1022 881 1097 Ad
913 1052 939 1097 s.
967 1026 1159 1100 Andream.

173 1208 175 1259 ³
268 1247 296 1309 0
321 1248 466 1331 piscator
489 1248 620 1330 nobilis,

316 1370 336 1413 a
359 1348 490 1414 Christo
514 1358 644 1432 vocate,

269 1450 420 1539 Anares,
434 1454 595 1536 amabilis,

316 1575 406 1621 meus
430 1555 604 1637 advocate,

269 1661 399 1725 salveto
425 1660 576 1723 millesies

272 1814 279 1825 .
298 1812 304 1825 .
323 1812 353 1826 ..
378 1772 475 1845 atque
498 1764 612 1827 millies

317 1886 401 1931 nnnc
423 1876 457 1929 et
479 1869 565 1931 omni
587 1866 684 1947 hora,

271 1970 370 2034 michi
393 1971 580 2053 septuagies

271 2076 402 2137 veniam
426 2081 457 2138 et
481 2076 621 2158 septies,

318 2176 495 2259 deprecor,
519 2178 663 2260 implora.

272 2365 323 2429 Tu
347 2384 418 2429 cum
441 2366 517 2429 navi
539 2366 621 2429 retia

317 2467 466 2548 linquens
489 2486 525 2529 es
549 2476 678 2531 secutus

272 2568 423 2633 vocantis
448 2569 588 2649 vestigia

318 2670 458 2753 Christi,
482 2680 515 2735 et
538 2674 675 2737 imbutus
717 2748 718 2753 ἵ

273 2776 347 2859 ejus
371 2774 529 2839 salutifica

274 2878 438 2958 doctrina,
461 2878 596 2943 mirifica

318 2984 478 3066 signaque
501 2983 627 3065 vidisti3

181 3084 188 3099 ⁸
274 3087 328 3150 lac
352 3085 531 3167 relinquam
555 3093 678 3168 terrea,

229 3211 256 3254 ι
276 3187 406 3252 tendam
431 3188 474 3252 ad
497 3189 641 3252 aetherea

318 3312 380 3375 per
401 3292 566 3374 sequelam
590 3291 718 3357 Christi.

275 3485 424 3550 Christus
447 3493 479 3550 te
503 3486 661 3551 secretius

319 3591 382 3655 sibi
405 3591 543 3656 sociavit

277 3716 349 3762 cum
371 3713 527 3778 germano
550 3697 650 3760 artius

320 3809 419 3880 teque
443 3799 619 3881 adamavit,

276 3903 460 3986 captivator
481 3902 617 3984 piscium

277 4006 383 4070 lactus
405 4013 480 4088 post
502 4004 642 4070 lidelium

320 4117 437 4192 captor
459 4109 651 4190 animarum,

279 4209 354 4274 fidei
377 4230 428 4273 me
451 4211 573 4274 retibus

278 4325 407 4397 captum
425 4315 531 4398 junge
554 4316 689 4378 coetibus

319 4436 406 4482 nunc
428 4417 692 4482 christicolarum.

280 4603 394 4670 Fidum
417 4615 451 4670 te
474 4606 664 4692 discipulum

307 4707 453 4773 -Christo
477 4709 717 4794 demonstrasti,

281 4810 352 4876 dum
375 4833 436 4896 per
461 4813 568 4878 mnndi
594 4815 747 4879 circulum

322 4913 426 4996 ipsum
449 4915 652 4998 praedicasti,

282 5017 366 5097 quod
388 5036 505 5087 cruore
528 5023 681 5104 roboras,

860 4417 902 4480 30

863 5022 904 5084 35

953 1250 1027 1314 dnm
1050 1251 1125 1316 hinc
1147 1272 1276 1317 cruram
1299 1254 1421 1319 toleras

994 1354 1056 1417 sibi
1077 1355 1311 1437 conformatum

951 1456 1015 1520 hoc
1038 1477 1087 1519 me
1110 1459 1204 1541 signo
1228 1467 1402 1543 protegas,

951 1560 1145 1639 benedicas,
1169 1562 1291 1642 dirigas

995 1682 1128 1745 gressus
1152 1664 1318 1728 incolatlls

952 1851 1090 1917 Crucem
1113 1852 1320 1915 devotissima

995 1975 1133 2021 cernens
1157 1956 1316 2036 salutasti,

952 2080 971 2122 a
995 2078 1058 2140 qua
1081 2066 1113 2121 te
1136 2057 1300 2120 laetissime

995 2162 1116 2244 suscipi
1135 2159 1278 2241 rogasti:

953 2285 994 2349 „o
1018 2286 1115 2345 crux,
1138 2265 1257 2346 inquis,
1280 2262 1420 2345 inclyta,

952 2369 1103 2432 membris
1126 2367 1246 2431 Christi
1267 2365 1422 2449 praedita,

995 2472 1124 2554 suscipe
1147 2472 1296 2535 clientem
1305 2464 1333 2531 !“

953 2592 972 2639 ο
995 2575 1115 2639 sicma
1139 2573 1276 2653 diligere

952 2697 1080 2743 crucem
1103 2685 1136 2739 et
1157 2676 1286 2756 erigere

995 2782 1049 2845 lac
1070 2781 1103 2844 in
1125 2779 1242 2843 coelum
1264 2783 1410 2840 mentem.

955 2970 1004 3035 'l'u
1025 2970 1057 3034 in
1081 2987 1177 3036 cruce
1200 2966 1298 3035 biduo

997 3077 1092 3139 vivus
1114 3072 1317 3158 perdurasti,

956 3195 1020 3260 quo
1043 3178 1146 3239 verbo
1170 3172 1300 3238 assiduo

999 3280 1127 3363 plebem
1150 3274 1339 3339 informasti.

955 3386 1048 3470 plebs
1071 3378 1198 3464 Aegeae
1218 3379 1355 3457 minitat,

955 3488 1057 3571 pium,
1076 3485 1200 3569 justum
1223 3481 1366 3547 clamitat

999 3590 1060 3655 sibi
1082 3586 1250 3667 redonari,

956 3695 1017 3760 sed
1039 3693 1101 3758 tuis
1125 3707 1244 3776 parens
1266 3684 1418 3770 precium

956 3798 998 3861 de
1021 3803 1204 3860 sanctorum
1228 3791 1363 3856 coetibns

999 3899 1077 3964 lecit
1100 3895 1258 3981 adjuvari.

955 4088 1047 4171 Ergo
1070 4086 1144 4151 coeli
1164 4081 1299 4168 praemio

1000 4193 1148 4276 gaudens
1170 4211 1256 4256 nnnc
1277 4191 1393 4269 heatus

955 4309 1011 4363 tuo
1033 4317 1084 4361 me
1104 4293 1268 4362 consortio

994 4401 1117 4484 jungas
1140 4405 1307 4476 exoratus,

954 4504 987 4567 in
1011 4501 1096 4566 omni
1117 4497 1264 4582 periculo

955 4605 1061 4672 crucis
1083 4603 1137 4666 iac
1159 4597 1329 4682 signaculo

998 4715 1055 4772 tua
1076 4723 1175 4788 prece
1198 4709 1318 4780 tutum,

957 4812 1068 4877 mortis
1090 4811 1122 4874 in
1145 4805 1285 4871 divortio

958 4925 1014 4982 luo
1037 4912 1218 5000 patrocinio

1003 5024 1074 5084 esto
1096 5014 1174 5081 mihi
1196 5019 1330 5078 scutum.
