3892 6025
1513 700 1558 767 1?

250 892 332 958 Nam
353 886 526 971 scripture
549 884 727 951 auctoritas
854 888 873 949 5
928 885 956 950 0
977 904 1038 953 vos
1060 886 1215 953 colorum
1236 884 1369 968 incole,

249 1000 280 1060 et
301 1012 399 1058 sacra
420 990 539 1059 elamat
562 988 701 1073 aemma,

250 1116 366 1181 corpus
388 1094 535 1181 peccatis
559 1093 720 1160 subditum

251 1207 396 1267 motum
418 1198 510 1264 odire
534 1198 690 1283 spiritum.

251 1378 358 1444 Furor
380 1386 415 1443 at
436 1376 614 1460 indignatio

253 1482 368 1565 procul
388 1480 469 1547 fiant
492 1483 534 1546 ab
558 1480 680 1561 animo,

253 1604 345 1667 quem
368 1584 480 1649 tutele
503 1581 714 1647 saucdssimte

249 1684 407 1771 praeelegi
429 1688 636 1751 committere.

249 1864 319 1928 Non
342 1862 452 1928 odium
474 1872 663 1947 exasperet,

245 1968 405 2051 jactantia
426 1985 492 2032 nou
515 1967 636 2049 elevet,

250 2072 333 2134 liuor
356 2070 442 2137 edax
463 2088 528 2135 uon
548 2078 656 2152 acuat,

253 2171 312 2235 sed
333 2192 400 2256 pax
422 2190 504 2235 vera
525 2170 700 2257 possideat.

248 2352 421 2434 blondum,
445 2351 473 2416 si
495 2350 596 2433 ridet,
619 2348 756 2434 ingiam,

256 2464 310 2519 ant
331 2456 359 2519 si
382 2454 494 2536 saevit,
516 2454 686 2537 irrideam,

250 2560 336 2641 qnia,
360 2559 415 2640 qui
437 2556 527 2622 illum
544 2555 664 2639 diligit,

253 2660 382 2725 cbristo
404 2667 556 2725 constare
575 2657 700 2725 desinit.

250 2838 317 2903 Sed
338 2838 485 2903 studiosa
506 2838 604 2903 lectio

250 2952 283 3007 et
304 2950 498 3028 compuncta
520 2943 625 3008 oratio

247 3051 483 3116 incumbentem
505 3049 644 3114 exsatiet

249 3160 281 3217 et
303 3153 479 3218 haerentem
503 3153 647 3219 inebriet

249 3335 338 3400 Ante
360 3335 475 3399 mentis
497 3333 643 3398 intuitum

251 3439 362 3503 mortis
384 3457 513 3502 versem
537 3437 698 3518 aculeum,

250 3549 283 3604 et
304 3541 347 3604 sit
367 3547 460 3604 tanto
483 3539 682 3624 suspectim,

250 3653 368 3726 quanto
392 3649 500 3707 manet
521 3641 687 3707 occultior.

251 3825 412 3908 Odhesu,
436 3847 496 3891 rex
519 3825 688 3905 altissime,

249 3928 364 3993 olous
387 3925 635 4010 misericordie,

253 4029 364 4094 horam
386 4031 498 4095 mortis
516 4030 692 4095 terribilem

249 4151 310 4216 pro
333 4151 393 4217 spe
415 4137 502 4199 bona
524 4135 577 4199 lac
599 4133 735 4202 facilem.

251 4295 375 4364 Secura
398 4299 597 4365 conscientia

252 4417 313 4464 non
337 4400 382 4465 ibi
399 4403 531 4466 multum
557 4399 723 4486 trepidat,

257 4523 329 4569 uam
351 4523 411 4589 spe
434 4505 522 4571 iacta
539 4505 703 4572 robustior

258 4607 390 4672 multum
411 4607 527 4671 nsunt
547 4607 756 4673 constantior.

256 4767 327 4834 Non
349 4769 438 4835 aliud
460 4772 503 4836 sit
523 4771 676 4854 gandium

257 4873 309 4936 vel
328 4891 435 4938 meum
458 4873 667 4957 desiderium,

258 4990 351 5056 quam
373 4987 410 5042 ut
431 4986 547 5043 exutus
570 4993 710 5062 corpore

254 5077 313 5142 tibi
332 5081 453 5162 possim
477 5081 639 5145 assistere.

298 5205 378 5262 noso,
396 5208 480 5258 tutela.
495 5211 620 5269 nymnos.
643 5209 687 5256 111.

929 986 1019 1055 cives
1041 1006 1192 1072 supernae
1210 989 1345 1072 patrie,

929 1092 984 1177 qui
1001 1090 1071 1177 jam
1094 1092 1157 1157 deo
1180 1090 1339 1175 fruimini,

929 1195 1024 1261 uobis
1046 1194 1294 1280 compatiamini.

928 1372 1073 1439 biichael
1093 1373 1125 1437 iu
1149 1372 1335 1438 coelestibus
1422 1364 1424 1373 '
1511 1373 1554 1443 tt

928 1476 984 1558 qui
1005 1475 1185 1558 praefulges
1208 1474 1408 1559 agminibus,

927 1593 990 1663 pro
1012 1574 1147 1660 speciali
1170 1574 1278 1658 gloria

928 1680 1023 1746 nobis
1044 1678 1157 1745 confer
1179 1676 1305 1743 solatia.

923 1862 1064 1949 Angeli,
1087 1883 1168 1948 qnos
1191 1865 1384 1948 gravissima

924 1968 1033 2035 caruis
1055 1988 1121 2034 uon
1142 1971 1260 2054 premit
1282 1968 1429 2051 sarcina,
1509 1966 1553 2030 5⁰

925 2078 1018 2135 orate
1041 2088 1103 2155 pro
1125 2071 1308 2136 bominibus

925 2177 987 2241 snb
1010 2194 1050 2239 ea
1068 2174 1301 2240 laborantibus.

924 2350 1110 2435 Jolmunes,
1131 2359 1241 2417 vatum
1265 2351 1418 2432 maxime,

925 2456 1091 2540 precantis
1113 2459 1216 2523 verba
1239 2455 1371 2541 excipe,

925 2567 960 2624 et
980 2558 1212 2643 prophetarum
1234 2576 1401 2623 numerum

925 2660 968 2727 ad
991 2662 1055 2727 boo
1077 2663 1180 2727 ascito
1202 2661 1334 2725 socium

923 2844 1039 2923 Petro,
1060 2844 1205 2929 piscator
1226 2840 1407 2921 bominum,

925 2956 959 3014 et
979 2946 1081 3013 Paule
1104 2946 1220 3010 doctor
1242 2942 1404 3028 gentium,

925 3073 997 3120 cum
1020 3051 1138 3118 ceteris
1162 3049 1319 3134 apostolis
1546 3122 1554 3142 ⁴,

925 3174 989 3242 opo
1007 3152 1124 3240 juvate
1143 3153 1251 3219 celeri.
1508 3147 1551 3243 ⁶⁰:

925 3335 1094 3421 Stephane
1116 3353 1189 3400 cum
1209 3329 1403 3410 Laurentio,

924 3457 1043 3523 magno
1064 3435 1193 3522 praelati
1215 3434 1347 3514 merito,
1473 3435 1476 3438 ’

925 3560 998 3608 οιιιιι
1020 3540 1121 3604 multa
1142 3539 1238 3602 turba
1259 3540 1440 3616 martyrum

922 3663 1076 3726 maguum
1098 3641 1182 3706 terte
1204 3635 1400 3724 presidium.
1473 3708 1477 3716 ,

925 3825 996 3891 Vos
1017 3822 1223 3888 confessores
1244 3814 1391 3896 inolitos,

925 3929 1048 3993 invicta
1068 3922 1134 3987 tide
1156 3918 1328 4005 preditos,

927 4045 1131 4113 nequaquam
1153 4020 1387 4100 obliviscimur,

928 4132 988 4199 sod
1011 4131 1131 4197 obnixe
1153 4126 1370 4211 deposcimus,

928 4295 972 4363 Ut
995 4295 1050 4378 qui
1073 4313 1134 4377 per
1157 4285 1351 4372 temporalia

928 4398 1090 4466 transistis
1113 4403 1146 4460 et
1164 4390 1312 4474 fragilia,

928 4503 1036 4569 adbuc
1057 4517 1118 4584 pro
1141 4491 1384 4562 decertantibus

929 4614 1019 4674 tauto
1041 4601 1167 4668 instetis
1188 4595 1398 4684 promptius..

868 4821 871 4829 .
929 4767 1062 4853 Agnes,
1086 4765 1222 4848 Thecla,
1246 4757 1394 4841 Caecilia,

929 4870 1033 4938 Lucia
1054 4888 1095 4935 ao
1116 4865 1299 4933 scolastica

932 4984 966 5040 et
984 4992 1095 5039 omues
1117 4978 1240 5036 sanctae
1261 4966 1406 5049 virgines
1495 4957 1559 5023 175

835 5081 878 5145 40
930 5096 993 5163 pro
1015 5077 1109 5142 uobis
1131 5082 1215 5140 state
1237 5069 1414 5153 supplices,

1297 5173 1322 5235 2
