3892 6025
398 702 464 772 386

398 892 543 959 lnvictus
565 891 598 955 in
621 885 797 954 certamine

400 997 526 1062 athleta
548 992 669 1058 Christi
692 993 819 1055 nomine

401 1098 501 1163 fidem
523 1097 684 1161 sinceram
706 1091 807 1156 tenuit

402 1211 438 1268 et
459 1202 596 1268 caritate
619 1198 736 1263 micuit.

403 1362 534 1428 Crimen
555 1360 683 1444 Pippini
706 1356 898 1442 prohibens,

1080 881 1165 947 llinc
1188 889 1225 946 ut
1248 863 1391 946 sumatur
1409 879 1509 962 ultio,

989 989 1027 1052 10
1081 987 1203 1072 praesul
1225 987 1321 1051 datur
1344 985 1528 1070 supplicio,

952 1143 960 1156 .
1081 1111 1209 1176 poenam
1233 1090 1346 1154 suffert
1368 1087 1542 1165 alacriter,

1083 1213 1175 1278 quam
1199 1195 1309 1277 placat
1332 1211 1432 1257 causa
1451 1191 1589 1275 jugiter.
1664 1189 1698 1252 20

1082 1357 1153 1421 Deo
1176 1356 1261 1439 patri
1284 1375 1355 1420 cum
1379 1354 1447 1419 filio

1084 1469 1117 1526 et
1139 1461 1253 1543 spiritu
1276 1459 1317 1522 sit
1339 1457 1428 1537 unio,

991 1564 1030 1626 15
1084 1565 1137 1646 qui
1160 1569 1276 1645 regnat
1299 1563 1329 1626 in
1352 1567 1548 1645 perpetuum
1617 1646 1622 1656 ν

1084 1674 1117 1730 et
1140 1665 1196 1729 dat
1219 1668 1318 1728 robur
1339 1665 1556 1746 profectuum.
1589 1679 1681 1724 amen.

404 1484 516 1530 curam
538 1463 690 1526 sollerter
712 1459 884 1542 adhibens,

403 1569 548 1632 incestas
570 1565 703 1629 damnat
724 1564 867 1648 nuptias,

403 1687 485 1732 vere
508 1667 605 1732 saluti
626 1665 749 1730 noxias.

495 1827 542 1882 lis.
554 1843 595 1881 nn
613 1827 705 1895 Trier,
723 1826 1006 1883 coaeteruum.
1025 1829 1054 1885 F.
1072 1846 1123 1884 ans
1142 1830 1203 1883 dem
1223 1831 1257 1882 14
1270 1827 1367 1883 duhrh.
1387 1827 1437 1882 mit
1450 1825 1503 1879 der
1517 1819 1699 1891 hlalodie(h].

403 1915 577 1987 llymnarlns
594 1930 653 1968 von
666 1913 751 1968 Basel
769 1929 795 1966 v.
810 1915 888 1968 1504.
906 1911 970 1970 tot
988 1916 1052 1988 (Β).
1088 1917 1191 1987 Expos.
1209 1916 1338 1987 hymnor.
1357 1915 1458 1971 Gelon.
1473 1913 1551 1965 lton.
1570 1908 1632 1965 170
1646 1910 1699 1978 (G).

499 2040 665 2091 tranantes
683 2036 736 2092 Bc.
763 2037 828 2092 3et
845 2032 918 2092 fehlt
936 2037 967 2091 Β.
996 2039 1029 2090 15
1048 2039 1170 2093 incestus
1189 2037 1219 2094 G.
1247 2037 1281 2090 to
1299 2035 1385 2092 soluti
1400 2035 1430 2090 B.
1459 2028 1699 2087 21—2tfehleoll.

496 2210 606 2264 Diesem
624 2209 708 2264 Liede
726 2206 794 2280 firgo
811 2211 858 2264 ich
875 2206 1010 2280 folgendo
1029 2210 1088 2265 alte
1105 2209 1264 2280 Antiphone
1284 2207 1343 2262 bei:
1440 2239 1455 2266 ι

653 2314 756 2385 llagna
775 2331 831 2368 vox
849 2315 931 2370 lande
949 2331 1056 2369 sonora
1074 2319 1102 2369 te
1120 2313 1203 2368 decet
1222 2329 1274 2384 per
1293 2311 1397 2379 omnia,

652 2417 708 2469 qno
727 2400 788 2469 poli
809 2401 913 2454 chorea
931 2401 1037 2471 gaudet
1054 2406 1138 2455 aucta
1156 2399 1208 2455 tali
1225 2415 1372 2469 compare,

653 2493 732 2542 terra
749 2486 857 2557 plaudit
875 2493 905 2542 et
922 2488 1043 2542 resultat
1061 2487 1146 2558 digna
1164 2490 1245 2541 tanto
1262 2486 1401 2556 praesule,

656 2592 674 2630 ο
694 2590 776 2629 sacer
793 2574 942 2630 nanterre
959 2579 1084 2645 martyr,
1104 2580 1172 2629 vota
1190 2579 1289 2628 nostra
1308 2571 1427 2642 suscipe.

495 2700 554 2752 Ans
573 2696 721 2751 dersolhen
740 2698 788 2751 lla.
815 2695 866 2751 mit
883 2697 934 2751 der
952 2695 1080 2752 llelodio.
1116 2697 1200 2751 Steht
1218 2695 1289 2749 auch
1309 2695 1381 2750 ohne
1399 2693 1596 2763 Ahweiehnng
1613 2691 1638 2742 in
1655 2686 1696 2740 der

407 2785 457 2840 llo.
476 2801 511 2839 nn
529 2785 671 2856 Bambcrg
689 2784 739 2840 Ed.
759 2784 791 2837 V.
811 2785 835 2838 o.
853 2799 904 2839 ans
923 2784 985 2840 dem
1003 2788 1036 2838 12
1054 2784 1152 2840 Jahrh
1171 2783 1220 2838 mit
1238 2783 1370 2838 Neumeu.

829 3059 937 3133 1019.
966 3061 1025 3131 De
1047 3085 1075 3132 s.
1096 3022 1312 3151 Laurentio.⁴

408 3260 642 3346 Apostolorum
665 3280 839 3344 supparem

407 3364 618 3432 Laurentium
641 3364 901 3430 archidiaconum

408 3468 482 3551 pari
504 3484 626 3531 corona
648 3475 826 3549 martyrum

408 3574 556 3639 Romana
578 3576 721 3639 sacravit
744 3575 836 3639 fides.

1085 3260 1165 3325 Post
1187 3260 1326 3326 triduum
1345 3260 1459 3345 jussus
1483 3268 1589 3323 tamen

1088 3382 1203 3428 census
1227 3372 1375 3428 sacratos
1398 3364 1561 3446 prodere,

1086 3466 1226 3550 spondet
1250 3467 1322 3549 pie,
1345 3485 1407 3530 nec
1430 3465 1557 3545 abnuit,

1085 3569 1211 3643 addens
1234 3568 1342 3632 dolum
1365 3569 1524 3633 victoriae.

408 3764 548 3848 Xystnm
571 3783 711 3847 sequens
734 3764 787 3829 hic
809 3771 985 3847 martyrem
1013 3766 1031 3825 5
1086 3753 1317 3838 Spectaculum
1340 3756 1604 3838 pulcherrimum,

408 3885 568 3952 responsa
591 3868 675 3931 vatis
699 3867 836 3931 rettulit:
1088 3880 1195 3947 egena
1217 3863 1306 3945 cogit
1329 3862 1458 3945 agmina
1754 3940 1755 3943 Ἴ

409 3989 582 4054 „moerere,
606 3969 666 4052 fili,
691 3970 819 4049 desine,
1087 3967 1265 4049 inopesque
1287 3975 1468 4032 monstrans
1491 3962 1655 4051 praedioot:
1754 4004 1755 4025 i

408 4092 549 4156 sequere
570 4092 621 4137 me
643 4081 720 4156 post
741 4068 911 4138 triduom“.
1089 4068 1141 4150 ,hi
1163 4078 1238 4133 sunt
1260 4088 1339 4153 opes
1362 4072 1529 4151 ecclesiae3
1754 4056 1755 4059 ¹

408 4262 479 4327 Neo
500 4264 631 4325 territus
654 4280 761 4344 poenae
783 4270 870 4323 metu
1087 4260 1185 4324 Verae
1208 4262 1332 4343 piorum
1355 4270 1509 4345 perpetes

407 4364 506 4429 heres
528 4364 654 4429 laturus
677 4364 842 4446 sanguinis
993 4364 1033 4426 10
1087 4364 1200 4446 inopes
1223 4364 1372 4447 prolecto
1398 4372 1471 4428 sunt
1494 4353 1600 4447 opes.“

406 4468 570 4550 spectavit
592 4468 705 4531 obtutu
726 4466 798 4549 pio,
1086 4486 1206 4530 avarus
1230 4467 1341 4531 illusus
1366 4468 1454 4531 dolet

406 4566 494 4651 quod
517 4568 587 4651 ipse
611 4584 685 4630 mox
708 4566 921 4649 persolveret.
1085 4570 1229 4635 {laminas
1255 4580 1288 4634 ot
1311 4572 1443 4637 ultrices
1466 4576 1568 4656 parat.

405 4755 482 4822 darn
504 4763 580 4818 tnnc
601 4754 634 4816 in
656 4752 712 4817 illo
735 4761 879 4837 martyre
1084 4762 1183 4845 Fugit
1205 4770 1354 4847 perustus
1379 4764 1522 4828 carnifex

405 4859 476 4941 ogit
496 4856 691 4940 triumphum
712 4860 882 4942 martyris,
1084 4866 1213 4947 suisque
1237 4868 1322 4931 cedit
1344 4868 1490 4951 ignibns3

406 4981 579 5029 successor
601 4982 713 5047 aequns
729 4964 957 5060 syngrapham
989 4968 1029 5029 15
1085 4979 1236 5053 „versate
1258 4966 1341 5053 me“,
1364 4978 1489 5055 martyr
1510 4966 1613 5036 vocal,

403 5067 497 5131 vocis
520 5073 634 5133 tenens
656 5077 690 5133 et
712 5070 887 5153 sanguinis.
1084 5081 1230 5160 „vorate
1257 5076 1284 5138 si
1307 5083 1434 5141 coctum
1458 5068 1537 5154 est“,
1555 5062 1651 5151 jubet·
1754 5080 1755 5085 ’
