3892 6025
190 1240 192 1271 l

313 848 375 911 quo
398 830 584 894 mereamini

312 935 442 1001 sedibus
465 938 598 1020 pertrui.

256 1143 281 1203 2.
309 1140 369 1205 llio
391 1140 492 1205 lndiae
515 1144 646 1227 populis

311 1244 469 1328 praedicat
491 1247 704 1330 evangelium,

312 1382 370 1460 oui
393 1382 495 1448 dediti
518 1384 604 1448 vitiis

310 1488 473 1551 vacabant
494 1485 670 1567 idolatriae,

311 1624 398 1701 Quos
422 1626 584 1690 instruens

311 1736 442 1790 sanctur
466 1727 634 1810 apostolus

306 1828 404 1910 jussit
427 1829 580 1911 frangere

311 1932 398 1995 idola
423 1942 519 2015 atque
544 1931 672 1997 Christo

309 2035 421 2099 lacere
443 2036 578 2119 templa;

309 2172 351 2237 Et
373 2173 554 2257 canones,

311 2296 392 2358 quos
417 2279 614 2359 adoravere,

312 2384 388 2448 fecit
411 2385 539 2466 longius

310 2490 416 2569 abire,
439 2490 494 2553 ubi
516 2499 626 2554 essent

309 2593 395 2655 invia
418 2601 525 2656 terrae.

253 2809 277 2871 3.
307 2808 442 2874 Mandat
464 2811 613 2893 leprosos

307 2913 403 2977 saluti
427 2914 572 2997 pristinae

308 3025 341 3079 et
362 3015 472 3080 reddit
490 3035 616 3100 aegroS,

308 3151 447 3217 Vestivit
470 3169 576 3217 caecos

307 3257 461 3338 praesenti
483 3255 601 3320 lumine

309 3357 450 3438 fecitque
473 3375 579 3420 sanos.

309 3493 420 3558 Oratio
443 3495 515 3578 ejus

308 3598 509 3681 paralyticos
533 3599 628 3680 erigit

309 3711 407 3784 atque
432 3709 525 3766 curat
546 3721 797 3786 energumenOS,

306 3837 388 3904 Nam
411 3839 512 3905 Indici
535 3850 642 3905 natam

296 3947 396 4032 ¹regis
419 3945 473 4008 diu
495 3946 666 4009 lunaticam

312 4047 381 4110 sole
404 4055 504 4130 prece
529 4048 652 4111 salvam
676 4049 807 4112 iecerat.

253 4238 277 4298 t.
308 4235 475 4300 Convertit
498 4254 610 4317 regem

307 4342 525 4424 populumque
549 4339 621 4424 ejus

991 839 1094 901 sacris
1117 838 1259 906 lontibus

991 943 1195 1025 expiaverat,

990 1077 1184 1145 Promittens
1206 1082 1289 1164 iliis,

992 1182 1079 1262 quod
1101 1202 1164 1246 non
1184 1186 1264 1249 vidit
1507 1191 1550 1253 40

991 1284 1088 1349 homo
1111 1307 1172 1351 nec
1196 1289 1342 1356 ascendit

989 1390 1022 1453 in
1045 1408 1103 1455 cor
1122 1391 1268 1457 hominis.

923 1582 953 1643 5.
988 1579 1053 1643 Per
1074 1581 1174 1646 multa
1195 1584 1243 1647 sic
1264 1584 1449 1666 predicans
1468 1594 1549 1651 tem·

1258 1762 1263 1769 ¹
1286 1707 1371 1773 pora

988 1789 1181 1855 vestimenta

989 1889 1074 1954 illius
1096 1910 1159 1955 non
1183 1893 1313 1958 lucrant
1334 1895 1475 1961 sordida.
1506 1898 1548 1959 45

988 2027 1154 2092 Nocturno
1176 2031 1328 2112 vigilaret
1351 2040 1507 2116 tempore,

989 2130 1133 2194 similiter

989 2232 1104 2296 diurno
1126 2234 1157 2296 in
1180 2234 1233 2298 dei
1255 2234 1443 2301 laudamine.
1517 2280 1526 2295 .

946 2473 952 2485 .
985 2424 1063 2488 Post
1086 2426 1163 2489 talia
1182 2426 1337 2490 miracula

990 2531 1116 2592 occisus
1138 2530 1291 2609 migravit
1505 2536 1547 2599 50

988 2631 1030 2694 ad
1053 2631 1231 2713 Christum,
1255 2634 1390 2716 perenni

987 2734 1019 2798 in
1042 2751 1145 2815 regno
1171 2754 1299 2818 semper
1321 2734 1459 2816 lusurus,

991 2868 1059 2934 Sed
1081 2870 1190 2935 veniet
1207 2869 1322 2954 judicii

985 2977 1017 3040 iu
1042 2976 1093 3040 die
1117 2997 1187 3042 cum
1208 2976 1289 3057 deo,

987 3081 1147 3144 hominum
1170 3087 1298 3142 secreta
1505 3077 1545 3136 55

986 3186 1176 3268 perignem
1194 3184 1407 3268 judicaturus.

944 3425 950 3440 .
987 3374 1175 3450 Quaesumus

986 3488 1033 3557 te,
1056 3475 1310 3554 Bartholomaee,

985 3589 1177 3662 exorantes,
1531 3631 1536 3647 ,

986 3703 1049 3767 quo
1073 3684 1227 3766 detergas
1250 3690 1361 3746 nost-ra
1503 3678 1544 3741 60

984 3787 1037 3851 hic
1060 3787 1215 3867 facinora,

985 3927 1141 4006 Quatinus

984 4041 1111 4096 utamur
1132 4032 1282 4116 praemio,

984 4135 1070 4218 quod
1094 4135 1280 4200 credentum

983 4239 1166 4322 repromisit
1191 4233 1338 4323 Χριστός
1503 4238 1543 4298 65

982 4342 1077 4423 gregi
1100 4340 1226 4424 pusillo.

330 4553 376 4607 Hs.
400 4569 436 4605 uu
453 4551 588 4605 Minchen
607 4551 675 4606 clm.
695 4552 788 4606 15083.
807 4548 826 4604 f.
844 4554 888 4605 at.
907 4552 956 4606 des
977 4555 1007 4605 11
1027 4553 1125 4608 Jahrh.
1140 4552 1324 4608 mitNeumeu
1342 4552 1405 4620 (A).
1442 4551 1490 4606 lle.
1508 4568 1541 4604 ru

255 4637 389 4710 stuttgart
407 4637 480 4694 Bibl.
499 4637 554 4692 No.
571 4639 613 4692 20.
633 4635 651 4691 f.
671 4639 714 4691 67.
734 4640 767 4691 12
785 4638 882 4693 Jalrrh.
902 4639 965 4708 (B).

327 4775 565 4833 tssartholomeo
584 4777 616 4830 A.
639 4778 670 4848 ι4
688 4773 787 4831 fratris
800 4779 832 4832 Α,
869 4780 902 4831 12
923 4778 1066 4834 idolatriis
1088 4780 1121 4846 n,
1149 4777 1209 4833 vvol
1232 4778 1281 4833 dee
1301 4777 1412 4832 Reimea
1430 4793 1540 4849 wegen.

255 4863 282 4914 15
297 4865 398 4920 Christi
417 4865 449 4920 Α.
505 4864 538 4917 19
561 4863 752 4920 adoraverant
775 4867 854 4920 wire
879 4863 926 4921 fir
950 4866 1001 4921 das
1024 4866 1170 4921 Versmass
1196 4867 1251 4920 und
1275 4867 1328 4921 den
1345 4867 1413 4922 Satn
1436 4867 1542 4922 besser.

256 4950 281 5001 31
295 4953 487 5024 energuminos
506 4950 562 5004 AB.
597 4952 632 5006 'dt
649 4964 742 5022 praece
756 4951 812 5019 ΑΒ,
831 4952 889 5007 alte
904 4952 1089 5024 Schreibung.
1125 4955 1158 5007 tr
1173 4955 1341 5009 ascenderat
1354 4957 1387 5008 A.
1415 4955 1449 5009 52
1466 4971 1543 5009 mau-

255 5049 324 5093 turm
342 5041 370 5094 B.
407 5042 447 5093 57.
461 5051 533 5108 quon
551 5037 584 5094 Α
619 5037 653 5092 61
673 5041 808 5106 quatenus
826 5039 858 5092 Β.
