3892 6025
328 845 443 912 iterum
465 849 549 917 inter
570 855 653 920 ictus

328 949 458 1018 fustium
480 957 585 1023 emisit
608 961 764 1045 spiritum.
844 965 887 1029 to

1005 861 1169 948 Promptae
1191 866 1249 931 tihi
1271 868 1431 938 clientelae

1006 967 1149 1033 clemens
1170 973 1398 1059 reminiscere,

260 1113 291 1178 8.
324 1111 444 1181 Christi
467 1120 558 1186 miles
579 1123 768 1210 fortissime,
939 1128 969 1190 9.
1003 1126 1133 1212 Martyr
1155 1130 1243 1196 clare
1265 1130 1468 1201 Sebastiano.
1518 1139 1562 1201 45

325 1219 467 1302 palmam
489 1233 622 1306 gestans
645 1228 780 1312 gloriae,

346 1410 395 1467 lls.
414 1429 471 1469 ven
487 1413 517 1471 S.
533 1415 619 1471 Peter
635 1433 670 1473 nn
689 1417 833 1491 salzburg
853 1417 897 1489 ΙΧΊ
919 1422 959 1475 11.
980 1421 1029 1478 des
1050 1425 1083 1477 12
1099 1424 1201 1481 Jahrh.

349 1553 383 1604 17
401 1556 430 1607 et
447 1553 483 1607 iu.
502 1555 582 1610 wire
600 1552 648 1611 tnr
662 1555 712 1612 das
726 1557 875 1613 Versmass
889 1558 996 1617 hemer.
1030 1560 1066 1616 2⁰
1083 1563 1112 1616 in
1130 1579 1208 1636 quas,
1227 1565 1275 1622 ils.
1308 1569 1343 1622 21
1363 1566 1495 1636 athletas,
1508 1565 1560 1622 lls.

257 1637 294 1691 28
312 1653 393 1707 quam
411 1638 448 1709 pl.
468 1640 516 1696 ils.
547 1643 581 1697 at
600 1641 789 1714 imperatoris,
807 1643 856 1702 ils.
891 1647 924 1700 tl
945 1648 1066 1718 Christe,
1085 1649 1134 1705 lls.

634 1997 743 2073 1151.
779 1999 945 2102 Hymnus
968 2028 997 2075 s.
1021 2002 1172 2080 servuli

255 2235 362 2300 Primo
384 2235 504 2303 dierum
526 2243 680 2322 omnium,

255 2354 319 2419 quo
341 2356 457 2405 servus
480 2340 599 2407 Christi
622 2343 748 2426 floruit,

256 2441 392 2505 servivit
412 2441 466 2507 hic
488 2451 521 2506 et
541 2445 681 2527 proluit,

255 2551 306 2608 est
327 2544 392 2609 hoc
413 2543 476 2610 deo
499 2547 724 2630 gratissimum.

253 2733 394 2798 Pulcher
413 2752 483 2817 prae
506 2735 630 2800 cunctis
653 2731 829 2816 Servulus,
855 2735 875 2795 5

252 2843 359 2900 mente
381 2838 454 2921 plns
477 2838 612 2920 placens
635 2837 781 2917 domino,

251 2941 384 3004 sortitur
405 2951 532 3025 partam
553 2944 706 3027 optimam

253 3044 337 3108 inter
358 3052 514 3129 patronos
536 3046 702 3110 maximos.

250 3232 395 3298 Vocatus
417 3233 471 3299 hic
492 3254 513 3297 a
535 3232 666 3298 dominc

249 3440 292 3503 ad
314 3449 467 3523 parentes
489 3439 664 3503 revertitur

252 3543 323 3608 solo
341 3542 436 3625 jussu
459 3541 628 3608 dominice.

248 3734 365 3802 Annos
387 3734 512 3801 habens
536 3732 707 3799 duodecim

248 3822 358 3902 divina
379 3856 461 3902 voce
483 3834 620 3920 petitur,

247 3943 363 4007 almam
386 3941 516 4004 sortitur
540 3940 683 4022 gratiam

246 4053 360 4109 sancto
383 4043 551 4107 calescens
573 4041 711 4106 flamina.

244 4234 344 4300 Anno
366 4252 431 4299 uno
454 4241 487 4297 et
510 4232 673 4298 mensibus

245 4356 363 4402 novem
386 4336 585 4401 orationihus

244 4440 381 4505 intendit
404 4440 480 4503 totis
502 4438 625 4502 viribus

242 4545 322 4609 nihil
344 4543 444 4608 edens
467 4544 500 4607 in
523 4542 657 4627 spelaeo.

242 4732 370 4798 Clamat
392 4731 433 4797 de
449 4720 539 4798 'coelo
562 4730 725 4797 domiuus:

242 4836 334 4920 „eja‚
359 4834 461 4901 dulcis
483 4852 503 4899 ο
526 4832 683 4917 Servule,

240 4938 352 5004 audita
374 4944 425 5003 est
448 4938 572 5021 oratic,

239 5051 334 5127 pete,
357 5044 516 5127 quodvis
540 5054 573 5115 et
595 5038 753 5112 dabitur.“

930 2239 982 2306 Ex
1004 2243 1182 2327 improviso
1202 2241 1337 2307 coluber

929 2343 962 2408 in
986 2363 1133 2430 campum
1155 2346 1223 2411 exit
1240 2345 1411 2426 anaxilaus,

929 2458 1042 2514 erecta
1064 2469 1161 2514 cruce
1183 2449 1311 2534 perimit

928 2551 1052 2616 athleta
1075 2550 1195 2616 Christi
1218 2550 1407 2615 daemcnenr.

927 2735 1036 2803 Elisus
1059 2757 1079 2802 a
1102 2737 1262 2802 dremcnic

927 2841 1088 2904 instanter
1106 2841 1189 2925 petit
1211 2839 1404 2923 Servulnm,

927 2944 1059 3028 adjurat
1080 2952 1114 3009 et
1136 2945 1275 3010 restituit

926 3051 1102 3133 baptizatis
1123 3050 1285 3117 altinihus.

855 3211 858 3218 Ι
925 3238 988 3304 llic
1009 3241 1043 3303 in
1065 3239 1178 3304 dolore
1196 3239 1321 3323 gratias

251 3336 435 3422 respondit:
461 3337 593 3421 „adsum
616 3332 807 3418 Servulus“,
832 3338 872 3402 10

829 3941 868 4003 ih

822 4540 866 4605 20

925 3361 1056 3425 semper
1077 3343 1216 3405 canebat
1239 3339 1387 3420 domiuo,

924 3444 1104 3509 ferventius
1125 3442 1325 3525 compatiens

925 3552 1055 3610 vexatae
1078 3560 1168 3608 saeva
1190 3543 1315 3626 spiritu.

923 3734 1099 3818 Fulgentia
1119 3751 1182 3818 pro
1203 3732 1299 3799 unica
1339 3796 1343 3803 .

922 3857 1028 3923 prena
1050 3846 1203 3922 precatur
1224 3844 1421 3919 martyrem,
1479 3838 1482 3841 ’

922 3942 977 4024 qui
1000 3942 1127 4006 shcrum
1148 3939 1238 4003 Petri
1260 3939 1403 4003 nominat

921 4045 1157 4111 febricitantem
1177 4042 1328 4106 liberans.

921 4233 970 4300 lle
992 4232 1132 4317 Didymo
1154 4230 1232 4315 quid
1253 4230 1421 4297 releraml

920 4338 1144 4423 praecipitatur
1167 4338 1208 4400 ah
1231 4335 1314 4415 dte,

919 4442 1047 4527 intimus
1070 4438 1191 4505 Christi
1212 4436 1370 4503 Servulns

918 4553 1081 4611 restaurat
1102 4537 1193 4609 ‘huuc
1213 4542 1412 4630 semivivum.

919 4734 1025 4801 Caecis
1047 4734 1153 4799 multis
1175 4733 1315 4797 restituit

918 4839 1023 4903 visum
1044 4837 1159 4902 mentis
1180 4845 1215 4901 et
1236 4834 1401 4920 eorporis,

916 4960 992 5009 nam
1014 4939 1095 5005 (leus
1118 4940 1206 5005 hunc
1227 4938 1388 5005 dilexerat

860 5136 867 5145 '
917 5066 990 5132 prae
1013 5044 1136 5111 cunctis
1157 5044 1244 5108 illius
1266 5042 1431 5127 temporis.

1264 5146 1336 5210 32*
