<?xml version="1.0" encoding="UTF-8"?>
<!DOCTYPE html PUBLIC "-//W3C//DTD XHTML 1.0 Transitional//EN"
    "http://www.w3.org/TR/xhtml1/DTD/xhtml1-transitional.dtd">
<html xmlns="http://www.w3.org/1999/xhtml" xml:lang="en" lang="en">
 <head>
  <title>
</title>
<meta http-equiv="Content-Type" content="text/html;charset=utf-8" />
  <meta name='ocr-system' content='tesseract 3.04.00' />
  <meta name='ocr-capabilities' content='ocr_page ocr_carea ocr_par ocr_line ocrx_word'/>
</head>
<body>
  <div class='ocr_page' id='page_1' title='image "./hymnilatinimedi00monegoog/hymnilatinimedi00monegoog_0451.png"; bbox 0 0 3892 6025; ppageno 0'>
   <div class='ocr_carea' id='block_1_1' title="bbox 1533 656 1598 724">
    <p class='ocr_par' dir='ltr' id='par_1_1' title="bbox 1533 656 1598 724">
     <span class='ocr_line' id='line_1_1' title="bbox 1533 656 1598 724; baseline 0.031 -2"><span class='ocrx_word' id='word_1_1' title='bbox 1533 656 1598 724; x_wconf 75' lang='grc'><strong>441</strong></span> 
     </span>
    </p>
   </div>
   <div class='ocr_carea' id='block_1_2' title="bbox 295 832 1603 1589">
    <p class='ocr_par' dir='ltr' id='par_1_2' title="bbox 295 832 1603 1589">
     <span class='ocr_line' id='line_1_2' title="bbox 385 832 1602 909; baseline 0.005 -21"><span class='ocrx_word' id='word_1_2' title='bbox 385 832 497 891; x_wconf 89' lang='lat' dir='ltr'><strong>interea</strong></span> <span class='ocrx_word' id='word_1_3' title='bbox 510 835 693 892; x_wconf 81' lang='lat' dir='ltr'><strong>llanimiauns</strong></span> <span class='ocrx_word' id='word_1_4' title='bbox 711 832 905 891; x_wconf 82' lang='lat' dir='ltr'><strong>ferocissimus</strong></span> <span class='ocrx_word' id='word_1_5' title='bbox 923 835 1070 892; x_wconf 80' lang='lat' dir='ltr'><strong>christiani</strong></span> <span class='ocrx_word' id='word_1_6' title='bbox 1085 836 1206 893; x_wconf 68' lang='lat' dir='ltr'><strong>nominh</strong></span> <span class='ocrx_word' id='word_1_7' title='bbox 1218 842 1387 909; x_wconf 76' lang='lat' dir='ltr'><strong>pensasses</strong></span> <span class='ocrx_word' id='word_1_8' title='bbox 1399 840 1430 891; x_wconf 87' lang='lat' dir='ltr'><strong>et</strong></span> <span class='ocrx_word' id='word_1_9' title='bbox 1442 838 1495 893; x_wconf 82' lang='lat' dir='ltr'><strong>tali</strong></span> <span class='ocrx_word' id='word_1_10' title='bbox 1506 842 1602 894; x_wconf 85' lang='lat' dir='ltr'><strong>tante·</strong></span> 
     </span>
     <span class='ocr_line' id='line_1_3' title="bbox 295 922 1601 996; baseline 0.002 -19"><span class='ocrx_word' id='word_1_11' title='bbox 295 936 350 994; x_wconf 89' lang='lat' dir='ltr'><strong>qus</strong></span> <span class='ocrx_word' id='word_1_12' title='bbox 368 922 479 994; x_wconf 70' lang='lat' dir='ltr'><strong>agmine</strong></span> <span class='ocrx_word' id='word_1_13' title='bbox 497 922 706 995; x_wconf 69' lang='lat' dir='ltr'><strong>indignissimus</strong></span> <span class='ocrx_word' id='word_1_14' title='bbox 731 923 833 979; x_wconf 80' lang='lat' dir='ltr'><strong>luctor</strong></span> <span class='ocrx_word' id='word_1_15' title='bbox 856 924 964 978; x_wconf 87' lang='lat' dir='ltr'><strong>statuto</strong></span> <span class='ocrx_word' id='word_1_16' title='bbox 983 923 1069 996; x_wconf 81' lang='lat' dir='ltr'><strong>juata</strong></span> <span class='ocrx_word' id='word_1_17' title='bbox 1092 923 1216 979; x_wconf 87' lang='lat' dir='ltr'><strong>raellesm</strong></span> <span class='ocrx_word' id='word_1_18' title='bbox 1241 924 1354 995; x_wconf 79' lang='lat' dir='ltr'><strong>Alpium</strong></span> <span class='ocrx_word' id='word_1_19' title='bbox 1377 926 1440 981; x_wconf 81' lang='lat' dir='ltr'><strong>zeli</strong></span> <span class='ocrx_word' id='word_1_20' title='bbox 1462 924 1545 979; x_wconf 86' lang='lat' dir='ltr'><strong>ielolo</strong></span> <span class='ocrx_word' id='word_1_21' title='bbox 1570 925 1601 980; x_wconf 88' lang='lat' dir='ltr'><strong>in</strong></span> 
     </span>
     <span class='ocr_line' id='line_1_4' title="bbox 295 1008 1601 1081; baseline 0.003 -18"><span class='ocrx_word' id='word_1_22' title='bbox 295 1008 381 1076; x_wconf 82' lang='lat' dir='ltr'><strong>loeo,</strong></span> <span class='ocrx_word' id='word_1_23' title='bbox 400 1024 481 1079; x_wconf 89' lang='lat' dir='ltr'><strong>quem</strong></span> <span class='ocrx_word' id='word_1_24' title='bbox 499 1008 595 1066; x_wconf 83' lang='lat' dir='ltr'><strong>dicunt</strong></span> <span class='ocrx_word' id='word_1_25' title='bbox 612 1010 799 1078; x_wconf 80' lang='lat' dir='ltr'><strong>octodorum,</strong></span> <span class='ocrx_word' id='word_1_26' title='bbox 816 1010 969 1081; x_wconf 79' lang='lat' dir='ltr'><strong>pracepit,</strong></span> <span class='ocrx_word' id='word_1_27' title='bbox 991 1014 1025 1065; x_wconf 90' lang='lat' dir='ltr'><strong>ut</strong></span> <span class='ocrx_word' id='word_1_28' title='bbox 1042 1010 1132 1066; x_wconf 88' lang='lat' dir='ltr'><strong>omnis</strong></span> <span class='ocrx_word' id='word_1_29' title='bbox 1150 1011 1290 1067; x_wconf 82' lang='lat' dir='ltr'><strong>exereitus</strong></span> <span class='ocrx_word' id='word_1_30' title='bbox 1308 1012 1413 1069; x_wconf 85' lang='lat' dir='ltr'><strong>viritim</strong></span> <span class='ocrx_word' id='word_1_31' title='bbox 1430 1011 1536 1069; x_wconf 70' lang='lat' dir='ltr'><strong>esav·</strong></span> <span class='ocrx_word' id='word_1_32' title='bbox 1554 1026 1601 1067; x_wconf 90' lang='lat' dir='ltr'><strong>ee·</strong></span> 
     </span>
     <span class='ocr_line' id='line_1_5' title="bbox 295 1095 1603 1172; baseline 0.006 -23"><span class='ocrx_word' id='word_1_33' title='bbox 295 1095 429 1151; x_wconf 89' lang='lat' dir='ltr'><strong>lebritata</strong></span> <span class='ocrx_word' id='word_1_34' title='bbox 450 1104 634 1154; x_wconf 73' lang='lat' dir='ltr'><strong>concurreret</strong></span> <span class='ocrx_word' id='word_1_35' title='bbox 652 1104 681 1154; x_wconf 92' lang='lat' dir='ltr'><strong>et</strong></span> <span class='ocrx_word' id='word_1_36' title='bbox 699 1114 716 1155; x_wconf 89' lang='lat' dir='ltr'><strong>a</strong></span> <span class='ocrx_word' id='word_1_37' title='bbox 736 1097 943 1169; x_wconf 72' lang='lat' dir='ltr'><strong>supplicatione</strong></span> <span class='ocrx_word' id='word_1_38' title='bbox 961 1096 1030 1166; x_wconf 78' lang='lat' dir='ltr'><strong>(liis,</strong></span> <span class='ocrx_word' id='word_1_39' title='bbox 1048 1103 1080 1153; x_wconf 94' lang='lat' dir='ltr'><strong>ut</strong></span> <span class='ocrx_word' id='word_1_40' title='bbox 1096 1095 1249 1166; x_wconf 66' lang='lat' dir='ltr'><strong>lambatur,</strong></span> <span class='ocrx_word' id='word_1_41' title='bbox 1267 1100 1473 1156; x_wconf 85' lang='lat' dir='ltr'><strong>immortalibus</strong></span> <span class='ocrx_word' id='word_1_42' title='bbox 1490 1098 1603 1172; x_wconf 56' lang='lat' dir='ltr'><strong>amuda</strong></span> 
     </span>
     <span class='ocr_line' id='line_1_6' title="bbox 295 1183 1601 1259; baseline 0.002 -20"><span class='ocrx_word' id='word_1_43' title='bbox 295 1184 486 1256; x_wconf 76' lang='lat' dir='ltr'><strong>communique</strong></span> <span class='ocrx_word' id='word_1_44' title='bbox 510 1184 612 1242; x_wconf 76' lang='lat' dir='ltr'><strong>latitia</strong></span> <span class='ocrx_word' id='word_1_45' title='bbox 636 1200 667 1241; x_wconf 90' lang='lat' dir='ltr'><strong>ss</strong></span> <span class='ocrx_word' id='word_1_46' title='bbox 686 1200 770 1241; x_wconf 88' lang='lat' dir='ltr'><strong>nemo</strong></span> <span class='ocrx_word' id='word_1_47' title='bbox 793 1184 872 1239; x_wconf 85' lang='lat' dir='ltr'><strong>velut</strong></span> <span class='ocrx_word' id='word_1_48' title='bbox 895 1183 1015 1239; x_wconf 85' lang='lat' dir='ltr'><strong>alterius</strong></span> <span class='ocrx_word' id='word_1_49' title='bbox 1037 1190 1164 1241; x_wconf 74' lang='lat' dir='ltr'><strong>sectatam</strong></span> <span class='ocrx_word' id='word_1_50' title='bbox 1181 1186 1331 1257; x_wconf 69' lang='lat' dir='ltr'><strong>religionis</strong></span> <span class='ocrx_word' id='word_1_51' title='bbox 1349 1188 1501 1259; x_wconf 73' lang='lat' dir='ltr'><strong>exciperet</strong></span> <span class='ocrx_word' id='word_1_52' title='bbox 1535 1186 1601 1242; x_wconf 76' lang='lat' dir='ltr'><strong>iam</strong></span> 
     </span>
     <span class='ocr_line' id='line_1_7' title="bbox 295 1267 1601 1345; baseline 0.003 -20"><span class='ocrx_word' id='word_1_53' title='bbox 295 1286 367 1328; x_wconf 84' lang='lat' dir='ltr'><strong>vsro</strong></span> <span class='ocrx_word' id='word_1_54' title='bbox 392 1270 559 1328; x_wconf 77' lang='lat' dir='ltr'><strong>Gereonium</strong></span> <span class='ocrx_word' id='word_1_55' title='bbox 583 1276 772 1344; x_wconf 72' lang='lat' dir='ltr'><strong>processerat</strong></span> <span class='ocrx_word' id='word_1_56' title='bbox 795 1284 896 1343; x_wconf 72' lang='lat' dir='ltr'><strong>agmon</strong></span> <span class='ocrx_word' id='word_1_57' title='bbox 918 1275 948 1326; x_wconf 90' lang='lat' dir='ltr'><strong>et</strong></span> <span class='ocrx_word' id='word_1_58' title='bbox 970 1267 1142 1327; x_wconf 71' lang='lat' dir='ltr'><strong>indissimi¹</strong></span> <span class='ocrx_word' id='word_1_59' title='bbox 1165 1274 1315 1328; x_wconf 81' lang='lat' dir='ltr'><strong>comitatus</strong></span> <span class='ocrx_word' id='word_1_60' title='bbox 1339 1274 1504 1329; x_wconf 88' lang='lat' dir='ltr'><strong>societatem</strong></span> <span class='ocrx_word' id='word_1_61' title='bbox 1526 1288 1601 1345; x_wconf 75' lang='lat' dir='ltr'><strong>pra·</strong></span> 
     </span>
     <span class='ocr_line' id='line_1_8' title="bbox 296 1353 1602 1433; baseline 0 -20"><span class='ocrx_word' id='word_1_62' title='bbox 296 1358 389 1415; x_wconf 86' lang='lat' dir='ltr'><strong>sentia</strong></span> <span class='ocrx_word' id='word_1_63' title='bbox 406 1358 552 1429; x_wconf 83' lang='lat' dir='ltr'><strong>corporali</strong></span> <span class='ocrx_word' id='word_1_64' title='bbox 570 1358 735 1430; x_wconf 86' lang='lat' dir='ltr'><strong>reliquerat</strong></span> <span class='ocrx_word' id='word_1_65' title='bbox 770 1358 843 1413; x_wconf 84' lang='lat' dir='ltr'><strong>nnele</strong></span> <span class='ocrx_word' id='word_1_66' title='bbox 861 1353 967 1413; x_wconf 80' lang='lat' dir='ltr'><strong>iactam</strong></span> <span class='ocrx_word' id='word_1_67' title='bbox 984 1362 1038 1427; x_wconf 91' lang='lat' dir='ltr'><strong>est,</strong></span> <span class='ocrx_word' id='word_1_68' title='bbox 1056 1363 1089 1413; x_wconf 91' lang='lat' dir='ltr'><strong>ut</strong></span> <span class='ocrx_word' id='word_1_69' title='bbox 1108 1359 1234 1415; x_wconf 89' lang='lat' dir='ltr'><strong>nuntium</strong></span> <span class='ocrx_word' id='word_1_70' title='bbox 1247 1360 1439 1415; x_wconf 85' lang='lat' dir='ltr'><strong>scelestissimi</strong></span> <span class='ocrx_word' id='word_1_71' title='bbox 1455 1359 1602 1433; x_wconf 73' lang='lat' dir='ltr'><strong>maritagii</strong></span> 
     </span>
     <span class='ocr_line' id='line_1_9' title="bbox 296 1442 1603 1521; baseline 0.004 -22"><span class='ocrx_word' id='word_1_72' title='bbox 296 1458 353 1500; x_wconf 92' lang='lat' dir='ltr'><strong>uon</strong></span> <span class='ocrx_word' id='word_1_73' title='bbox 370 1444 483 1501; x_wconf 75' lang='lat' dir='ltr'><strong>audiret</strong></span> <span class='ocrx_word' id='word_1_74' title='bbox 499 1460 617 1517; x_wconf 60' lang='lat' dir='ltr'><strong>sesque</strong></span> <span class='ocrx_word' id='word_1_75' title='bbox 635 1460 696 1502; x_wconf 87' lang='lat' dir='ltr'><strong>cum</strong></span> <span class='ocrx_word' id='word_1_76' title='bbox 715 1442 898 1503; x_wconf 85' lang='lat' dir='ltr'><strong>sanctissimis</strong></span> <span class='ocrx_word' id='word_1_77' title='bbox 916 1445 979 1501; x_wconf 85' lang='lat' dir='ltr'><strong>suis</strong></span> <span class='ocrx_word' id='word_1_78' title='bbox 995 1447 1165 1517; x_wconf 85' lang='lat' dir='ltr'><strong>corporibus</strong></span> <span class='ocrx_word' id='word_1_79' title='bbox 1188 1452 1297 1503; x_wconf 69' lang='lat' dir='ltr'><strong>noem</strong></span> <span class='ocrx_word' id='word_1_80' title='bbox 1313 1450 1459 1519; x_wconf 72' lang='lat' dir='ltr'><strong>perpetua</strong></span> <span class='ocrx_word' id='word_1_81' title='bbox 1472 1447 1603 1521; x_wconf 67' lang='lat' dir='ltr'><strong>iocandi·</strong></span> 
     </span>
     <span class='ocr_line' id='line_1_10' title="bbox 296 1530 506 1589; baseline 0.019 -4"><span class='ocrx_word' id='word_1_82' title='bbox 296 1530 349 1586; x_wconf 90' lang='lat' dir='ltr'><strong>tati</strong></span> <span class='ocrx_word' id='word_1_83' title='bbox 368 1538 506 1589; x_wconf 78' lang='lat' dir='ltr'><strong>servaret</strong></span> 
     </span>
    </p>
   </div>
   <div class='ocr_carea' id='block_1_3' title="bbox 386 1632 1090 1709">
    <p class='ocr_par' dir='ltr' id='par_1_3' title="bbox 386 1632 1090 1709">
     <span class='ocr_line' id='line_1_11' title="bbox 386 1632 1090 1709; baseline -0.003 -17"><span class='ocrx_word' id='word_1_84' title='bbox 386 1636 507 1693; x_wconf 84' lang='lat' dir='ltr'><strong>Ventum</strong></span> <span class='ocrx_word' id='word_1_85' title='bbox 526 1640 571 1693; x_wconf 87' lang='lat' dir='ltr'><strong>est</strong></span> <span class='ocrx_word' id='word_1_86' title='bbox 588 1636 624 1693; x_wconf 77' lang='lat' dir='ltr'><strong>atl</strong></span> <span class='ocrx_word' id='word_1_87' title='bbox 643 1636 735 1693; x_wconf 88' lang='lat' dir='ltr'><strong>locum</strong></span> <span class='ocrx_word' id='word_1_88' title='bbox 754 1637 901 1693; x_wconf 87' lang='lat' dir='ltr'><strong>constituti</strong></span> <span class='ocrx_word' id='word_1_89' title='bbox 917 1632 1020 1709; x_wconf 78' lang='lat' dir='ltr'><strong>flagitii</strong></span> <span class='ocrx_word' id='word_1_90' title='bbox 1037 1640 1090 1693; x_wconf 91' lang='lat' dir='ltr'><strong>ete.</strong></span> 
     </span>
    </p>
   </div>
   <div class='ocr_carea' id='block_1_4' title="bbox 296 1790 1607 2843">
    <p class='ocr_par' dir='ltr' id='par_1_4' title="bbox 296 1790 1607 1952">
     <span class='ocr_line' id='line_1_12' title="bbox 383 1790 1607 1868; baseline 0.005 -22"><span class='ocrx_word' id='word_1_91' title='bbox 383 1790 503 1863; x_wconf 75' lang='lat' dir='ltr'><strong>Essolpt</strong></span> <span class='ocrx_word' id='word_1_92' title='bbox 522 1796 644 1850; x_wconf 67' lang='lat' dir='ltr'><strong>norw</strong></span> <span class='ocrx_word' id='word_1_93' title='bbox 663 1794 1472 1868; x_wconf 68' lang='lat' dir='ltr'><strong>rennuartnartessneetsersmnnrzslpsam,</strong></span> <span class='ocrx_word' id='word_1_94' title='bbox 1494 1795 1607 1867; x_wconf 72' lang='lat' dir='ltr'><strong>amnas</strong></span> 
     </span>
     <span class='ocr_line' id='line_1_13' title="bbox 296 1878 722 1952; baseline 0 -17"><span class='ocrx_word' id='word_1_95' title='bbox 296 1880 337 1935; x_wconf 81' lang='lat' dir='ltr'><strong>die</strong></span> <span class='ocrx_word' id='word_1_96' title='bbox 354 1878 492 1950; x_wconf 70' lang='lat' dir='ltr'><strong>Enniano</strong></span> <span class='ocrx_word' id='word_1_97' title='bbox 508 1884 564 1937; x_wconf 83' lang='lat' dir='ltr'><strong>ebo</strong></span> <span class='ocrx_word' id='word_1_98' title='bbox 579 1880 722 1952; x_wconf 79' lang='lat' dir='ltr'><strong>sortsatrl:</strong></span> 
     </span>
    </p>

    <p class='ocr_par' dir='ltr' id='par_1_5' title="bbox 296 1982 1602 2582">
     <span class='ocr_line' id='line_1_14' title="bbox 384 1982 1601 2057; baseline 0.007 -20"><span class='ocrx_word' id='word_1_99' title='bbox 384 1982 449 2039; x_wconf 81' lang='lat' dir='ltr'><strong>lnde</strong></span> <span class='ocrx_word' id='word_1_100' title='bbox 467 1984 684 2055; x_wconf 77' lang='lat' dir='ltr'><strong>procedentium</strong></span> <span class='ocrx_word' id='word_1_101' title='bbox 702 1982 792 2041; x_wconf 85' lang='lat' dir='ltr'><strong>secuti</strong></span> <span class='ocrx_word' id='word_1_102' title='bbox 809 1984 934 2057; x_wconf 77' lang='lat' dir='ltr'><strong>vestigia</strong></span> <span class='ocrx_word' id='word_1_103' title='bbox 951 1991 1119 2057; x_wconf 88' lang='lat' dir='ltr'><strong>repererunt</strong></span> <span class='ocrx_word' id='word_1_104' title='bbox 1136 1985 1287 2057; x_wconf 89' lang='lat' dir='ltr'><strong>primarios</strong></span> <span class='ocrx_word' id='word_1_105' title='bbox 1305 1988 1408 2044; x_wconf 88' lang='lat' dir='ltr'><strong>milites</strong></span> <span class='ocrx_word' id='word_1_106' title='bbox 1426 1990 1553 2047; x_wconf 79' lang='lat' dir='ltr'><strong>Gessium</strong></span> <span class='ocrx_word' id='word_1_107' title='bbox 1571 1996 1601 2046; x_wconf 90' lang='lat' dir='ltr'><strong>et</strong></span> 
     </span>
     <span class='ocr_line' id='line_1_15' title="bbox 296 2070 1602 2148; baseline 0.005 -22"><span class='ocrx_word' id='word_1_108' title='bbox 296 2070 471 2126; x_wconf 82' lang='lat' dir='ltr'><strong>Florentium</strong></span> <span class='ocrx_word' id='word_1_109' title='bbox 496 2086 557 2125; x_wconf 93' lang='lat' dir='ltr'><strong>cum</strong></span> <span class='ocrx_word' id='word_1_110' title='bbox 580 2078 689 2143; x_wconf 87' lang='lat' dir='ltr'><strong>septem</strong></span> <span class='ocrx_word' id='word_1_111' title='bbox 714 2070 779 2127; x_wconf 87' lang='lat' dir='ltr'><strong>aliis</strong></span> <span class='ocrx_word' id='word_1_112' title='bbox 804 2072 902 2127; x_wconf 87' lang='lat' dir='ltr'><strong>similis</strong></span> <span class='ocrx_word' id='word_1_113' title='bbox 921 2074 1088 2129; x_wconf 81' lang='lat' dir='ltr'><strong>constantias</strong></span> <span class='ocrx_word' id='word_1_114' title='bbox 1110 2072 1182 2128; x_wconf 81' lang='lat' dir='ltr'><strong>viris</strong></span> <span class='ocrx_word' id='word_1_115' title='bbox 1195 2074 1281 2148; x_wconf 81' lang='lat' dir='ltr'><strong>juxta</strong></span> <span class='ocrx_word' id='word_1_116' title='bbox 1299 2074 1440 2131; x_wconf 83' lang='lat' dir='ltr'><strong>Veronam</strong></span> <span class='ocrx_word' id='word_1_117' title='bbox 1459 2076 1602 2132; x_wconf 83' lang='lat' dir='ltr'><strong>civitatem</strong></span> 
     </span>
     <span class='ocr_line' id='line_1_16' title="bbox 296 2154 1601 2236; baseline 0.005 -25"><span class='ocrx_word' id='word_1_118' title='bbox 296 2157 324 2212; x_wconf 93' lang='lat' dir='ltr'><strong>iu</strong></span> <span class='ocrx_word' id='word_1_119' title='bbox 353 2156 417 2229; x_wconf 89' lang='lat' dir='ltr'><strong>ripa</strong></span> <span class='ocrx_word' id='word_1_120' title='bbox 442 2156 511 2213; x_wconf 84' lang='lat' dir='ltr'><strong>lieni</strong></span> <span class='ocrx_word' id='word_1_121' title='bbox 535 2154 655 2213; x_wconf 84' lang='lat' dir='ltr'><strong>fluminis</strong></span> <span class='ocrx_word' id='word_1_122' title='bbox 682 2156 876 2229; x_wconf 84' lang='lat' dir='ltr'><strong>considentes,</strong></span> <span class='ocrx_word' id='word_1_123' title='bbox 907 2160 1035 2233; x_wconf 86' lang='lat' dir='ltr'><strong>aliosque</strong></span> <span class='ocrx_word' id='word_1_124' title='bbox 1063 2174 1124 2215; x_wconf 91' lang='lat' dir='ltr'><strong>cum</strong></span> <span class='ocrx_word' id='word_1_125' title='bbox 1148 2160 1190 2214; x_wconf 90' lang='lat' dir='ltr'><strong>eis</strong></span> <span class='ocrx_word' id='word_1_126' title='bbox 1214 2176 1296 2231; x_wconf 86' lang='lat' dir='ltr'><strong>quam</strong></span> <span class='ocrx_word' id='word_1_127' title='bbox 1320 2160 1456 2232; x_wconf 90' lang='lat' dir='ltr'><strong>plurimos</strong></span> <span class='ocrx_word' id='word_1_128' title='bbox 1474 2164 1601 2236; x_wconf 78' lang='lat' dir='ltr'><strong>ejusdem</strong></span> 
     </span>
     <span class='ocr_line' id='line_1_17' title="bbox 296 2244 1601 2321; baseline 0.005 -22"><span class='ocrx_word' id='word_1_129' title='bbox 296 2244 455 2317; x_wconf 75' lang='lat' dir='ltr'><strong>agnominis</strong></span> <span class='ocrx_word' id='word_1_130' title='bbox 482 2246 532 2301; x_wconf 83' lang='lat' dir='ltr'><strong>sed</strong></span> <span class='ocrx_word' id='word_1_131' title='bbox 557 2262 613 2303; x_wconf 91' lang='lat' dir='ltr'><strong>nou</strong></span> <span class='ocrx_word' id='word_1_132' title='bbox 638 2246 764 2319; x_wconf 82' lang='lat' dir='ltr'><strong>ejusdem</strong></span> <span class='ocrx_word' id='word_1_133' title='bbox 795 2244 958 2302; x_wconf 85' lang='lat' dir='ltr'><strong>intentionis</strong></span> <span class='ocrx_word' id='word_1_134' title='bbox 987 2246 1134 2303; x_wconf 88' lang='lat' dir='ltr'><strong>satellites.</strong></span> <span class='ocrx_word' id='word_1_135' title='bbox 1177 2246 1238 2304; x_wconf 89' lang='lat' dir='ltr'><strong>llos</strong></span> <span class='ocrx_word' id='word_1_136' title='bbox 1265 2247 1329 2304; x_wconf 81' lang='lat' dir='ltr'><strong>dnm</strong></span> <span class='ocrx_word' id='word_1_137' title='bbox 1355 2250 1540 2321; x_wconf 71' lang='lat' dir='ltr'><strong>agnovissent</strong></span> <span class='ocrx_word' id='word_1_138' title='bbox 1566 2249 1601 2305; x_wconf 78' lang='lat' dir='ltr'><strong>(le</strong></span> 
     </span>
     <span class='ocr_line' id='line_1_18' title="bbox 296 2330 1600 2407; baseline 0.005 -20"><span class='ocrx_word' id='word_1_139' title='bbox 296 2330 429 2387; x_wconf 74' lang='lat' dir='ltr'><strong>orientali</strong></span> <span class='ocrx_word' id='word_1_140' title='bbox 453 2331 540 2389; x_wconf 86' lang='lat' dir='ltr'><strong>foisse</strong></span> <span class='ocrx_word' id='word_1_141' title='bbox 565 2333 715 2405; x_wconf 83' lang='lat' dir='ltr'><strong>praesidio,</strong></span> <span class='ocrx_word' id='word_1_142' title='bbox 745 2332 896 2389; x_wconf 76' lang='lat' dir='ltr'><strong>sevientes</strong></span> <span class='ocrx_word' id='word_1_143' title='bbox 919 2339 1021 2390; x_wconf 86' lang='lat' dir='ltr'><strong>contra</strong></span> <span class='ocrx_word' id='word_1_144' title='bbox 1041 2351 1092 2390; x_wconf 91' lang='lat' dir='ltr'><strong>eos</strong></span> <span class='ocrx_word' id='word_1_145' title='bbox 1115 2335 1150 2391; x_wconf 78' lang='lat' dir='ltr'><strong>(le</strong></span> <span class='ocrx_word' id='word_1_146' title='bbox 1175 2332 1355 2407; x_wconf 77' lang='lat' dir='ltr'><strong>professione</strong></span> <span class='ocrx_word' id='word_1_147' title='bbox 1373 2336 1511 2393; x_wconf 90' lang='lat' dir='ltr'><strong>sciscitati</strong></span> <span class='ocrx_word' id='word_1_148' title='bbox 1528 2341 1600 2393; x_wconf 84' lang='lat' dir='ltr'><strong>sunt</strong></span> 
     </span>
     <span class='ocr_line' id='line_1_19' title="bbox 297 2420 1602 2495; baseline 0.005 -22"><span class='ocrx_word' id='word_1_149' title='bbox 297 2434 411 2489; x_wconf 92' lang='lat' dir='ltr'><strong>cumque</strong></span> <span class='ocrx_word' id='word_1_150' title='bbox 430 2420 474 2473; x_wconf 91' lang='lat' dir='ltr'><strong>illi</strong></span> <span class='ocrx_word' id='word_1_151' title='bbox 492 2437 544 2475; x_wconf 90' lang='lat' dir='ltr'><strong>nec</strong></span> <span class='ocrx_word' id='word_1_152' title='bbox 561 2420 708 2477; x_wconf 79' lang='lat' dir='ltr'><strong>voluntate</strong></span> <span class='ocrx_word' id='word_1_153' title='bbox 728 2420 822 2476; x_wconf 87' lang='lat' dir='ltr'><strong>cordis</strong></span> <span class='ocrx_word' id='word_1_154' title='bbox 847 2434 899 2475; x_wconf 86' lang='lat' dir='ltr'><strong>nec</strong></span> <span class='ocrx_word' id='word_1_155' title='bbox 926 2422 1065 2478; x_wconf 74' lang='lat' dir='ltr'><strong>sentemia</strong></span> <span class='ocrx_word' id='word_1_156' title='bbox 1083 2423 1278 2493; x_wconf 88' lang='lat' dir='ltr'><strong>responsionis</strong></span> <span class='ocrx_word' id='word_1_157' title='bbox 1296 2440 1314 2478; x_wconf 90' lang='lat' dir='ltr'><strong>a</strong></span> <span class='ocrx_word' id='word_1_158' title='bbox 1332 2424 1526 2495; x_wconf 88' lang='lat' dir='ltr'><strong>superioribus</strong></span> <span class='ocrx_word' id='word_1_159' title='bbox 1545 2423 1602 2479; x_wconf 82' lang='lat' dir='ltr'><strong>dis·</strong></span> 
     </span>
     <span class='ocr_line' id='line_1_20' title="bbox 296 2506 1601 2582; baseline 0.005 -21"><span class='ocrx_word' id='word_1_160' title='bbox 296 2512 455 2578; x_wconf 87' lang='lat' dir='ltr'><strong>creparent,</strong></span> <span class='ocrx_word' id='word_1_161' title='bbox 474 2508 619 2563; x_wconf 89' lang='lat' dir='ltr'><strong>submissis</strong></span> <span class='ocrx_word' id='word_1_162' title='bbox 638 2507 776 2579; x_wconf 84' lang='lat' dir='ltr'><strong>capitibus</strong></span> <span class='ocrx_word' id='word_1_163' title='bbox 795 2506 824 2561; x_wconf 95' lang='lat' dir='ltr'><strong>in</strong></span> <span class='ocrx_word' id='word_1_164' title='bbox 843 2507 942 2563; x_wconf 83' lang='lat' dir='ltr'><strong>eodem</strong></span> <span class='ocrx_word' id='word_1_165' title='bbox 959 2508 1027 2564; x_wconf 90' lang='lat' dir='ltr'><strong>loco</strong></span> <span class='ocrx_word' id='word_1_166' title='bbox 1044 2524 1099 2579; x_wconf 92' lang='lat' dir='ltr'><strong>pro</strong></span> <span class='ocrx_word' id='word_1_167' title='bbox 1119 2508 1224 2564; x_wconf 79' lang='lat' dir='ltr'><strong>Christi</strong></span> <span class='ocrx_word' id='word_1_168' title='bbox 1242 2510 1353 2564; x_wconf 91' lang='lat' dir='ltr'><strong>nomine</strong></span> <span class='ocrx_word' id='word_1_169' title='bbox 1371 2512 1511 2582; x_wconf 83' lang='lat' dir='ltr'><strong>perempti</strong></span> <span class='ocrx_word' id='word_1_170' title='bbox 1528 2516 1601 2569; x_wconf 80' lang='lat' dir='ltr'><strong>sunt</strong></span> 
     </span>
    </p>

    <p class='ocr_par' dir='ltr' id='par_1_6' title="bbox 296 2594 1602 2843">
     <span class='ocr_line' id='line_1_21' title="bbox 385 2594 1601 2667; baseline 0.004 -17"><span class='ocrx_word' id='word_1_171' title='bbox 385 2594 450 2650; x_wconf 82' lang='lat' dir='ltr'><strong>lion</strong></span> <span class='ocrx_word' id='word_1_172' title='bbox 475 2594 563 2667; x_wconf 82' lang='lat' dir='ltr'><strong>igitur</strong></span> <span class='ocrx_word' id='word_1_173' title='bbox 587 2596 623 2650; x_wconf 82' lang='lat' dir='ltr'><strong>ad</strong></span> <span class='ocrx_word' id='word_1_174' title='bbox 649 2595 761 2650; x_wconf 89' lang='lat' dir='ltr'><strong>beatum</strong></span> <span class='ocrx_word' id='word_1_175' title='bbox 785 2594 939 2651; x_wconf 83' lang='lat' dir='ltr'><strong>Gereouem</strong></span> <span class='ocrx_word' id='word_1_176' title='bbox 961 2595 1080 2667; x_wconf 91' lang='lat' dir='ltr'><strong>ejusque</strong></span> <span class='ocrx_word' id='word_1_177' title='bbox 1098 2594 1193 2651; x_wconf 92' lang='lat' dir='ltr'><strong>socios</strong></span> <span class='ocrx_word' id='word_1_178' title='bbox 1211 2601 1354 2652; x_wconf 89' lang='lat' dir='ltr'><strong>trecentos</strong></span> <span class='ocrx_word' id='word_1_179' title='bbox 1372 2597 1468 2653; x_wconf 83' lang='lat' dir='ltr'><strong>decem</strong></span> <span class='ocrx_word' id='word_1_180' title='bbox 1486 2603 1516 2654; x_wconf 92' lang='lat' dir='ltr'><strong>et</strong></span> <span class='ocrx_word' id='word_1_181' title='bbox 1534 2604 1601 2655; x_wconf 90' lang='lat' dir='ltr'><strong>octo</strong></span> 
     </span>
     <span class='ocr_line' id='line_1_22' title="bbox 296 2678 1601 2757; baseline 0.005 -21"><span class='ocrx_word' id='word_1_182' title='bbox 296 2697 358 2736; x_wconf 90' lang='lat' dir='ltr'><strong>cnm</strong></span> <span class='ocrx_word' id='word_1_183' title='bbox 382 2681 434 2738; x_wconf 92' lang='lat' dir='ltr'><strong>illo</strong></span> <span class='ocrx_word' id='word_1_184' title='bbox 457 2680 565 2752; x_wconf 87' lang='lat' dir='ltr'><strong>pariter</strong></span> <span class='ocrx_word' id='word_1_185' title='bbox 588 2678 643 2737; x_wconf 87' lang='lat' dir='ltr'><strong>lide</strong></span> <span class='ocrx_word' id='word_1_186' title='bbox 666 2682 798 2737; x_wconf 84' lang='lat' dir='ltr'><strong>veritatis</strong></span> <span class='ocrx_word' id='word_1_187' title='bbox 821 2688 947 2737; x_wconf 89' lang='lat' dir='ltr'><strong>armatos</strong></span> <span class='ocrx_word' id='word_1_188' title='bbox 969 2688 1135 2753; x_wconf 88' lang='lat' dir='ltr'><strong>persecutor</strong></span> <span class='ocrx_word' id='word_1_189' title='bbox 1158 2682 1255 2737; x_wconf 88' lang='lat' dir='ltr'><strong>nescio</strong></span> <span class='ocrx_word' id='word_1_190' title='bbox 1279 2683 1407 2740; x_wconf 89' lang='lat' dir='ltr'><strong>velocius</strong></span> <span class='ocrx_word' id='word_1_191' title='bbox 1425 2694 1508 2757; x_wconf 85' lang='lat' dir='ltr'><strong>qnam</strong></span> <span class='ocrx_word' id='word_1_192' title='bbox 1525 2683 1601 2742; x_wconf 85' lang='lat' dir='ltr'><strong>lama</strong></span> 
     </span>
     <span class='ocr_line' id='line_1_23' title="bbox 296 2766 1602 2843; baseline 0.005 -21"><span class='ocrx_word' id='word_1_193' title='bbox 296 2768 467 2839; x_wconf 90' lang='lat' dir='ltr'><strong>pervenerit.</strong></span> <span class='ocrx_word' id='word_1_194' title='bbox 504 2768 656 2841; x_wconf 83' lang='lat' dir='ltr'><strong>Progressi</strong></span> <span class='ocrx_word' id='word_1_195' title='bbox 681 2773 774 2823; x_wconf 65' lang='lat' dir='ltr'><strong>nmen</strong></span> <span class='ocrx_word' id='word_1_196' title='bbox 798 2766 943 2839; x_wconf 85' lang='lat' dir='ltr'><strong>paululum</strong></span> <span class='ocrx_word' id='word_1_197' title='bbox 966 2772 1031 2823; x_wconf 85' lang='lat' dir='ltr'><strong>ante</strong></span> <span class='ocrx_word' id='word_1_198' title='bbox 1057 2767 1259 2838; x_wconf 87' lang='lat' dir='ltr'><strong>subsequentes</strong></span> <span class='ocrx_word' id='word_1_199' title='bbox 1278 2766 1426 2825; x_wconf 89' lang='lat' dir='ltr'><strong>carnifices</strong></span> <span class='ocrx_word' id='word_1_200' title='bbox 1448 2770 1477 2825; x_wconf 93' lang='lat' dir='ltr'><strong>in</strong></span> <span class='ocrx_word' id='word_1_201' title='bbox 1495 2772 1602 2843; x_wconf 89' lang='lat' dir='ltr'><strong>campis</strong></span> 
     </span>
    </p>
   </div>
   <div class='ocr_carea' id='block_1_5' title="bbox 295 2846 1724 2930">
    <p class='ocr_par' dir='ltr' id='par_1_7' title="bbox 295 2846 1724 2930">
     <span class='ocr_line' id='line_1_24' title="bbox 295 2846 1724 2930; baseline 0.005 -22"><span class='ocrx_word' id='word_1_202' title='bbox 295 2854 462 2927; x_wconf 74' lang='lat' dir='ltr'><strong>Agrippinae</strong></span> <span class='ocrx_word' id='word_1_203' title='bbox 480 2868 596 2927; x_wconf 76' lang='lat' dir='ltr'><strong>maguae·</strong></span> <span class='ocrx_word' id='word_1_204' title='bbox 609 2854 732 2911; x_wconf 88' lang='lat' dir='ltr'><strong>civitatis</strong></span> <span class='ocrx_word' id='word_1_205' title='bbox 751 2854 837 2929; x_wconf 70' lang='lat' dir='ltr'><strong>(av)</strong></span> <span class='ocrx_word' id='word_1_206' title='bbox 856 2854 987 2927; x_wconf 86' lang='lat' dir='ltr'><strong>martyrii</strong></span> <span class='ocrx_word' id='word_1_207' title='bbox 1005 2856 1128 2926; x_wconf 78' lang='lat' dir='ltr'><strong>gloriam</strong></span> <span class='ocrx_word' id='word_1_208' title='bbox 1146 2870 1209 2911; x_wconf 87' lang='lat' dir='ltr'><strong>sese</strong></span> <span class='ocrx_word' id='word_1_209' title='bbox 1227 2854 1345 2911; x_wconf 80' lang='lat' dir='ltr'><strong>invicem</strong></span> <span class='ocrx_word' id='word_1_210' title='bbox 1361 2858 1564 2927; x_wconf 83' lang='lat' dir='ltr'><strong>(cohortantes</strong></span> <span class='ocrx_word' id='word_1_211' title='bbox 1571 2860 1600 2930; x_wconf 77' lang='lat'><strong>³)</strong></span> <span class='ocrx_word' id='word_1_212' title='bbox 1721 2846 1724 2852; x_wconf 61' lang='grc'>’</span> 
     </span>
    </p>
   </div>
   <div class='ocr_carea' id='block_1_6' title="bbox 296 2943 1603 3629">
    <p class='ocr_par' dir='ltr' id='par_1_8' title="bbox 296 2943 1603 3629">
     <span class='ocr_line' id='line_1_25' title="bbox 296 2943 1601 3021; baseline 0.003 -24"><span class='ocrx_word' id='word_1_213' title='bbox 296 2943 457 3016; x_wconf 65' lang='lat' dir='ltr'><strong>praestolati</strong></span> <span class='ocrx_word' id='word_1_214' title='bbox 482 2948 554 2999; x_wconf 87' lang='lat' dir='ltr'><strong>sunt.</strong></span> <span class='ocrx_word' id='word_1_215' title='bbox 597 2944 696 3016; x_wconf 84' lang='lat' dir='ltr'><strong>quibus</strong></span> <span class='ocrx_word' id='word_1_216' title='bbox 716 2944 849 2999; x_wconf 86' lang='lat' dir='ltr'><strong>continuo</strong></span> <span class='ocrx_word' id='word_1_217' title='bbox 868 2943 1113 3016; x_wconf 84' lang='lat' dir='ltr'><strong>supervenientes,</strong></span> <span class='ocrx_word' id='word_1_218' title='bbox 1143 2944 1184 2998; x_wconf 85' lang='lat' dir='ltr'><strong>bii</strong></span> <span class='ocrx_word' id='word_1_219' title='bbox 1202 2944 1250 3016; x_wconf 89' lang='lat' dir='ltr'><strong>qui</strong></span> <span class='ocrx_word' id='word_1_220' title='bbox 1268 2945 1345 3000; x_wconf 89' lang='lat' dir='ltr'><strong>missi</strong></span> <span class='ocrx_word' id='word_1_221' title='bbox 1363 2952 1446 3002; x_wconf 87' lang='lat' dir='ltr'><strong>erant</strong></span> <span class='ocrx_word' id='word_1_222' title='bbox 1463 2964 1482 3003; x_wconf 88' lang='lat' dir='ltr'><strong>a</strong></span> <span class='ocrx_word' id='word_1_223' title='bbox 1495 2947 1601 3021; x_wconf 78' lang='lat' dir='ltr'><strong>judice,</strong></span> 
     </span>
     <span class='ocr_line' id='line_1_26' title="bbox 296 3029 1603 3104; baseline 0.003 -18"><span class='ocrx_word' id='word_1_224' title='bbox 296 3031 403 3086; x_wconf 86' lang='lat' dir='ltr'><strong>nullam</strong></span> <span class='ocrx_word' id='word_1_225' title='bbox 422 3031 509 3087; x_wconf 88' lang='lat' dir='ltr'><strong>ineis</strong></span> <span class='ocrx_word' id='word_1_226' title='bbox 528 3029 695 3088; x_wconf 80' lang='lat' dir='ltr'><strong>defendendi</strong></span> <span class='ocrx_word' id='word_1_227' title='bbox 719 3032 766 3087; x_wconf 86' lang='lat' dir='ltr'><strong>vel</strong></span> <span class='ocrx_word' id='word_1_228' title='bbox 791 3047 809 3086; x_wconf 88' lang='lat' dir='ltr'><strong>a</strong></span> <span class='ocrx_word' id='word_1_229' title='bbox 833 3034 985 3104; x_wconf 85' lang='lat' dir='ltr'><strong>proposito</strong></span> <span class='ocrx_word' id='word_1_230' title='bbox 1007 3029 1154 3088; x_wconf 80' lang='lat' dir='ltr'><strong>deficiendi</strong></span> <span class='ocrx_word' id='word_1_231' title='bbox 1171 3034 1346 3090; x_wconf 80' lang='lat' dir='ltr'><strong>voluntatem</strong></span> <span class='ocrx_word' id='word_1_232' title='bbox 1365 3034 1415 3090; x_wconf 78' lang='lat' dir='ltr'><strong>secl</strong></span> <span class='ocrx_word' id='word_1_233' title='bbox 1433 3034 1603 3090; x_wconf 87' lang='lat' dir='ltr'><strong>constantis·</strong></span> 
     </span>
     <span class='ocr_line' id='line_1_27' title="bbox 297 3117 1603 3178; baseline 0.002 -4"><span class='ocrx_word' id='word_1_234' title='bbox 297 3119 394 3174; x_wconf 91' lang='lat' dir='ltr'><strong>simam</strong></span> <span class='ocrx_word' id='word_1_235' title='bbox 422 3119 541 3176; x_wconf 90' lang='lat' dir='ltr'><strong>nominis</strong></span> <span class='ocrx_word' id='word_1_236' title='bbox 569 3119 675 3177; x_wconf 80' lang='lat' dir='ltr'><strong>christi</strong></span> <span class='ocrx_word' id='word_1_237' title='bbox 701 3119 867 3175; x_wconf 85' lang='lat' dir='ltr'><strong>invenerunt</strong></span> <span class='ocrx_word' id='word_1_238' title='bbox 893 3117 1106 3176; x_wconf 77' lang='lat' dir='ltr'><strong>confessionem</strong></span> <span class='ocrx_word' id='word_1_239' title='bbox 1160 3119 1202 3175; x_wconf 92' lang='lat' dir='ltr'><strong>lbi</strong></span> <span class='ocrx_word' id='word_1_240' title='bbox 1229 3121 1329 3178; x_wconf 89' lang='lat' dir='ltr'><strong>beatus</strong></span> <span class='ocrx_word' id='word_1_241' title='bbox 1355 3121 1467 3177; x_wconf 82' lang='lat' dir='ltr'><strong>Gereon</strong></span> <span class='ocrx_word' id='word_1_242' title='bbox 1493 3123 1549 3176; x_wconf 81' lang='lat' dir='ltr'><strong>tux</strong></span> <span class='ocrx_word' id='word_1_243' title='bbox 1573 3126 1603 3176; x_wconf 91' lang='lat' dir='ltr'><strong>et</strong></span> 
     </span>
     <span class='ocr_line' id='line_1_28' title="bbox 297 3205 1602 3281; baseline 0.001 -21"><span class='ocrx_word' id='word_1_244' title='bbox 297 3211 409 3278; x_wconf 86' lang='lat' dir='ltr'><strong>martyr</strong></span> <span class='ocrx_word' id='word_1_245' title='bbox 427 3205 561 3280; x_wconf 76' lang='lat' dir='ltr'><strong>egregius</strong></span> <span class='ocrx_word' id='word_1_246' title='bbox 580 3223 641 3262; x_wconf 89' lang='lat' dir='ltr'><strong>cum</strong></span> <span class='ocrx_word' id='word_1_247' title='bbox 659 3206 718 3261; x_wconf 91' lang='lat' dir='ltr'><strong>illis</strong></span> <span class='ocrx_word' id='word_1_248' title='bbox 736 3206 814 3279; x_wconf 74' lang='lat' dir='ltr'><strong>regis</strong></span> <span class='ocrx_word' id='word_1_249' title='bbox 833 3207 933 3262; x_wconf 76' lang='lat' dir='ltr'><strong>aterni</strong></span> <span class='ocrx_word' id='word_1_250' title='bbox 950 3207 1129 3276; x_wconf 87' lang='lat' dir='ltr'><strong>vernaculis,</strong></span> <span class='ocrx_word' id='word_1_251' title='bbox 1160 3207 1290 3263; x_wconf 84' lang='lat' dir='ltr'><strong>edomitis</strong></span> <span class='ocrx_word' id='word_1_252' title='bbox 1310 3209 1452 3278; x_wconf 90' lang='lat' dir='ltr'><strong>omnibns,</strong></span> <span class='ocrx_word' id='word_1_253' title='bbox 1484 3223 1547 3281; x_wconf 78' lang='lat' dir='ltr'><strong>quae</strong></span> <span class='ocrx_word' id='word_1_254' title='bbox 1565 3206 1602 3262; x_wconf 83' lang='lat' dir='ltr'><strong>ad</strong></span> 
     </span>
     <span class='ocr_line' id='line_1_29' title="bbox 297 3291 1602 3370; baseline 0.003 -23"><span class='ocrx_word' id='word_1_255' title='bbox 297 3293 383 3366; x_wconf 84' lang='lat' dir='ltr'><strong>hujus</strong></span> <span class='ocrx_word' id='word_1_256' title='bbox 412 3291 480 3350; x_wconf 75' lang='lat' dir='ltr'><strong>vies</strong></span> <span class='ocrx_word' id='word_1_257' title='bbox 510 3293 727 3350; x_wconf 78' lang='lat' dir='ltr'><strong>delectationem</strong></span> <span class='ocrx_word' id='word_1_258' title='bbox 757 3298 875 3365; x_wconf 86' lang='lat' dir='ltr'><strong>possent</strong></span> <span class='ocrx_word' id='word_1_259' title='bbox 907 3293 1041 3363; x_wconf 86' lang='lat' dir='ltr'><strong>allicere,</strong></span> <span class='ocrx_word' id='word_1_260' title='bbox 1073 3295 1253 3365; x_wconf 89' lang='lat' dir='ltr'><strong>semetipsum</strong></span> <span class='ocrx_word' id='word_1_261' title='bbox 1274 3295 1388 3370; x_wconf 81' lang='lat' dir='ltr'><strong>¹obtulit</strong></span> <span class='ocrx_word' id='word_1_262' title='bbox 1417 3301 1602 3366; x_wconf 87' lang='lat' dir='ltr'><strong>spontaneam</strong></span> 
     </span>
     <span class='ocr_line' id='line_1_30' title="bbox 298 3377 1603 3454; baseline 0.001 -17"><span class='ocrx_word' id='word_1_263' title='bbox 298 3381 423 3438; x_wconf 78' lang='lat' dir='ltr'><strong>hostiam</strong></span> <span class='ocrx_word' id='word_1_264' title='bbox 442 3381 535 3438; x_wconf 83' lang='lat' dir='ltr'><strong>vivam</strong></span> <span class='ocrx_word' id='word_1_265' title='bbox 554 3380 615 3437; x_wconf 81' lang='lat' dir='ltr'><strong>leo.</strong></span> <span class='ocrx_word' id='word_1_266' title='bbox 651 3377 745 3434; x_wconf 88' lang='lat' dir='ltr'><strong>lusani</strong></span> <span class='ocrx_word' id='word_1_267' title='bbox 763 3385 888 3436; x_wconf 87' lang='lat' dir='ltr'><strong>tortores</strong></span> <span class='ocrx_word' id='word_1_268' title='bbox 907 3386 1068 3436; x_wconf 85' lang='lat' dir='ltr'><strong>sanctornm</strong></span> <span class='ocrx_word' id='word_1_269' title='bbox 1091 3380 1193 3436; x_wconf 80' lang='lat' dir='ltr'><strong>ibidem</strong></span> <span class='ocrx_word' id='word_1_270' title='bbox 1212 3396 1335 3452; x_wconf 88' lang='lat' dir='ltr'><strong>corpora</strong></span> <span class='ocrx_word' id='word_1_271' title='bbox 1353 3387 1531 3438; x_wconf 90' lang='lat' dir='ltr'><strong>cruentantes</strong></span> <span class='ocrx_word' id='word_1_272' title='bbox 1549 3399 1603 3454; x_wconf 91' lang='lat' dir='ltr'><strong>per</strong></span> 
     </span>
     <span class='ocr_line' id='line_1_31' title="bbox 297 3467 1601 3543; baseline -0.002 -15"><span class='ocrx_word' id='word_1_273' title='bbox 297 3470 389 3543; x_wconf 89' lang='lat' dir='ltr'><strong>campi</strong></span> <span class='ocrx_word' id='word_1_274' title='bbox 412 3469 489 3525; x_wconf 90' lang='lat' dir='ltr'><strong>illins</strong></span> <span class='ocrx_word' id='word_1_275' title='bbox 514 3469 836 3540; x_wconf 83' lang='lat' dir='ltr'><strong>planitiemtralrerunt‚</strong></span> <span class='ocrx_word' id='word_1_276' title='bbox 868 3473 897 3522; x_wconf 94' lang='lat' dir='ltr'><strong>et</strong></span> <span class='ocrx_word' id='word_1_277' title='bbox 915 3467 943 3522; x_wconf 93' lang='lat' dir='ltr'><strong>in</strong></span> <span class='ocrx_word' id='word_1_278' title='bbox 961 3472 1075 3539; x_wconf 88' lang='lat' dir='ltr'><strong>puteum</strong></span> <span class='ocrx_word' id='word_1_279' title='bbox 1092 3467 1230 3540; x_wconf 84' lang='lat' dir='ltr'><strong>quendam</strong></span> <span class='ocrx_word' id='word_1_280' title='bbox 1247 3467 1393 3524; x_wconf 78' lang='lat' dir='ltr'><strong>maximnm</strong></span> <span class='ocrx_word' id='word_1_281' title='bbox 1410 3467 1601 3541; x_wconf 79' lang='lat' dir='ltr'><strong>projecerunt</strong></span> 
     </span>
     <span class='ocr_line' id='line_1_32' title="bbox 296 3554 1601 3629; baseline -0.005 -11"><span class='ocrx_word' id='word_1_282' title='bbox 296 3561 474 3620; x_wconf 65' lang='lat' dir='ltr'><strong>monstratur</strong></span> <span class='ocrx_word' id='word_1_283' title='bbox 492 3563 583 3614; x_wconf 88' lang='lat' dir='ltr'><strong>autem</strong></span> <span class='ocrx_word' id='word_1_284' title='bbox 602 3573 690 3627; x_wconf 87' lang='lat' dir='ltr'><strong>nsque</strong></span> <span class='ocrx_word' id='word_1_285' title='bbox 707 3555 791 3611; x_wconf 82' lang='lat' dir='ltr'><strong>lonis</strong></span> <span class='ocrx_word' id='word_1_286' title='bbox 810 3557 838 3611; x_wconf 90' lang='lat' dir='ltr'><strong>in</strong></span> <span class='ocrx_word' id='word_1_287' title='bbox 856 3554 937 3626; x_wconf 89' lang='lat' dir='ltr'><strong>loco,</strong></span> <span class='ocrx_word' id='word_1_288' title='bbox 964 3556 1013 3610; x_wconf 89' lang='lat' dir='ltr'><strong>nbi</strong></span> <span class='ocrx_word' id='word_1_289' title='bbox 1031 3574 1053 3612; x_wconf 91' lang='lat' dir='ltr'><strong>s.</strong></span> <span class='ocrx_word' id='word_1_290' title='bbox 1072 3555 1184 3612; x_wconf 86' lang='lat' dir='ltr'><strong>Gereon</strong></span> <span class='ocrx_word' id='word_1_291' title='bbox 1202 3557 1358 3612; x_wconf 83' lang='lat' dir='ltr'><strong>trucidatus</strong></span> <span class='ocrx_word' id='word_1_292' title='bbox 1377 3563 1435 3628; x_wconf 90' lang='lat' dir='ltr'><strong>est,</strong></span> <span class='ocrx_word' id='word_1_293' title='bbox 1455 3558 1601 3629; x_wconf 83' lang='lat' dir='ltr'><strong>sauguinis</strong></span> 
     </span>
    </p>
   </div>
   <div class='ocr_carea' id='block_1_7' title="bbox 298 3635 1698 3720">
    <p class='ocr_par' dir='ltr' id='par_1_9' title="bbox 298 3635 1698 3720">
     <span class='ocr_line' id='line_1_33' title="bbox 298 3635 1698 3720; baseline -0.001 -17"><span class='ocrx_word' id='word_1_294' title='bbox 298 3649 389 3720; x_wconf 87' lang='lat' dir='ltr'><strong>ipsias</strong></span> <span class='ocrx_word' id='word_1_295' title='bbox 407 3645 596 3718; x_wconf 86' lang='lat' dir='ltr'><strong>spectaculum</strong></span> <span class='ocrx_word' id='word_1_296' title='bbox 620 3651 649 3700; x_wconf 90' lang='lat' dir='ltr'><strong>et</strong></span> <span class='ocrx_word' id='word_1_297' title='bbox 672 3645 733 3715; x_wconf 91' lang='lat' dir='ltr'><strong>ipse</strong></span> <span class='ocrx_word' id='word_1_298' title='bbox 756 3644 836 3699; x_wconf 90' lang='lat' dir='ltr'><strong>locus</strong></span> <span class='ocrx_word' id='word_1_299' title='bbox 859 3646 896 3699; x_wconf 81' lang='lat' dir='ltr'><strong>ed</strong></span> <span class='ocrx_word' id='word_1_300' title='bbox 911 3649 1042 3716; x_wconf 79' lang='lat' dir='ltr'><strong>martyres</strong></span> <span class='ocrx_word' id='word_1_301' title='bbox 1064 3642 1100 3699; x_wconf 89' lang='lat' dir='ltr'><strong>ab</strong></span> <span class='ocrx_word' id='word_1_302' title='bbox 1119 3644 1220 3701; x_wconf 91' lang='lat' dir='ltr'><strong>incolis</strong></span> <span class='ocrx_word' id='word_1_303' title='bbox 1239 3651 1384 3716; x_wconf 88' lang='lat' dir='ltr'><strong>acceptum</strong></span> <span class='ocrx_word' id='word_1_304' title='bbox 1402 3649 1500 3701; x_wconf 82' lang='lat' dir='ltr'><strong>servat</strong></span> <span class='ocrx_word' id='word_1_305' title='bbox 1517 3660 1602 3702; x_wconf 85' lang='lat' dir='ltr'><strong>voca·</strong></span> <span class='ocrx_word' id='word_1_306' title='bbox 1694 3635 1698 3644; x_wconf 69' lang='grc'><strong>’</strong></span> 
     </span>
    </p>
   </div>
   <div class='ocr_carea' id='block_1_8' title="bbox 298 3737 1603 5116">
    <p class='ocr_par' dir='ltr' id='par_1_10' title="bbox 299 3737 402 3794">
     <span class='ocr_line' id='line_1_34' title="bbox 299 3737 402 3794; baseline -0.049 0"><span class='ocrx_word' id='word_1_307' title='bbox 299 3737 402 3794; x_wconf 86' lang='lat' dir='ltr'><strong>bulum.</strong></span> 
     </span>
    </p>

    <p class='ocr_par' dir='ltr' id='par_1_11' title="bbox 298 3816 1603 4335">
     <span class='ocr_line' id='line_1_35' title="bbox 387 3816 1602 3892; baseline -0.004 -12"><span class='ocrx_word' id='word_1_308' title='bbox 387 3823 455 3880; x_wconf 77' lang='lat' dir='ltr'><strong>Haec</strong></span> <span class='ocrx_word' id='word_1_309' title='bbox 473 3821 567 3892; x_wconf 88' lang='lat' dir='ltr'><strong>itaque</strong></span> <span class='ocrx_word' id='word_1_310' title='bbox 586 3821 651 3876; x_wconf 84' lang='lat' dir='ltr'><strong>dum</strong></span> <span class='ocrx_word' id='word_1_311' title='bbox 668 3823 830 3890; x_wconf 75' lang='lat' dir='ltr'><strong>agerentur,</strong></span> <span class='ocrx_word' id='word_1_312' title='bbox 850 3817 955 3874; x_wconf 82' lang='lat' dir='ltr'><strong>cohors</strong></span> <span class='ocrx_word' id='word_1_313' title='bbox 968 3819 1027 3889; x_wconf 82' lang='lat' dir='ltr'><strong>nlla,</strong></span> <span class='ocrx_word' id='word_1_314' title='bbox 1046 3836 1109 3891; x_wconf 82' lang='lat' dir='ltr'><strong>qum</strong></span> <span class='ocrx_word' id='word_1_315' title='bbox 1122 3819 1235 3874; x_wconf 89' lang='lat' dir='ltr'><strong>beatum</strong></span> <span class='ocrx_word' id='word_1_316' title='bbox 1247 3819 1393 3875; x_wconf 75' lang='lat' dir='ltr'><strong>Victorem</strong></span> <span class='ocrx_word' id='word_1_317' title='bbox 1405 3816 1602 3889; x_wconf 85' lang='lat' dir='ltr'><strong>comitabatur,</strong></span> 
     </span>
     <span class='ocr_line' id='line_1_36' title="bbox 299 3904 1601 3980; baseline -0.004 -12"><span class='ocrx_word' id='word_1_318' title='bbox 299 3911 337 3968; x_wconf 75' lang='lat' dir='ltr'><strong>ael</strong></span> <span class='ocrx_word' id='word_1_319' title='bbox 354 3910 463 3980; x_wconf 89' lang='lat' dir='ltr'><strong>locum,</strong></span> <span class='ocrx_word' id='word_1_320' title='bbox 487 3908 533 3964; x_wconf 90' lang='lat' dir='ltr'><strong>cni</strong></span> <span class='ocrx_word' id='word_1_321' title='bbox 551 3907 690 3963; x_wconf 86' lang='lat' dir='ltr'><strong>destinata</strong></span> <span class='ocrx_word' id='word_1_322' title='bbox 709 3911 767 3975; x_wconf 88' lang='lat' dir='ltr'><strong>est,</strong></span> <span class='ocrx_word' id='word_1_323' title='bbox 793 3920 951 3976; x_wconf 89' lang='lat' dir='ltr'><strong>properans</strong></span> <span class='ocrx_word' id='word_1_324' title='bbox 968 3906 1098 3977; x_wconf 82' lang='lat' dir='ltr'><strong>pervenit</strong></span> <span class='ocrx_word' id='word_1_325' title='bbox 1115 3904 1151 3962; x_wconf 85' lang='lat' dir='ltr'><strong>ad</strong></span> <span class='ocrx_word' id='word_1_326' title='bbox 1170 3907 1301 3977; x_wconf 83' lang='lat' dir='ltr'><strong>oppidum</strong></span> <span class='ocrx_word' id='word_1_327' title='bbox 1319 3907 1508 3975; x_wconf 77' lang='lat' dir='ltr'><strong>Francorum,</strong></span> <span class='ocrx_word' id='word_1_328' title='bbox 1526 3906 1601 3977; x_wconf 81' lang='lat' dir='ltr'><strong>quod</strong></span> 
     </span>
     <span class='ocr_line' id='line_1_37' title="bbox 298 3991 1602 4071; baseline -0.004 -16"><span class='ocrx_word' id='word_1_329' title='bbox 298 4017 334 4056; x_wconf 84' lang='lat' dir='ltr'><strong>ex</strong></span> <span class='ocrx_word' id='word_1_330' title='bbox 350 3999 491 4071; x_wconf 91' lang='lat' dir='ltr'><strong>majorum</strong></span> <span class='ocrx_word' id='word_1_331' title='bbox 509 4005 624 4050; x_wconf 90' lang='lat' dir='ltr'><strong>suorum</strong></span> <span class='ocrx_word' id='word_1_332' title='bbox 641 3991 754 4047; x_wconf 77' lang='lat' dir='ltr'><strong>sedibus</strong></span> <span class='ocrx_word' id='word_1_333' title='bbox 772 3991 887 4064; x_wconf 80' lang='lat' dir='ltr'><strong>Trojam</strong></span> <span class='ocrx_word' id='word_1_334' title='bbox 906 3993 967 4047; x_wconf 79' lang='lat' dir='ltr'><strong>sive</strong></span> <span class='ocrx_word' id='word_1_335' title='bbox 981 3993 1100 4049; x_wconf 85' lang='lat' dir='ltr'><strong>Zantum</strong></span> <span class='ocrx_word' id='word_1_336' title='bbox 1117 3993 1322 4067; x_wconf 87' lang='lat' dir='ltr'><strong>nuncupabant,</strong></span> <span class='ocrx_word' id='word_1_337' title='bbox 1340 3993 1436 4064; x_wconf 90' lang='lat' dir='ltr'><strong>ibique</strong></span> <span class='ocrx_word' id='word_1_338' title='bbox 1453 4007 1514 4048; x_wconf 91' lang='lat' dir='ltr'><strong>enm</strong></span> <span class='ocrx_word' id='word_1_339' title='bbox 1531 3993 1602 4050; x_wconf 82' lang='lat' dir='ltr'><strong>duce</strong></span> 
     </span>
     <span class='ocr_line' id='line_1_38' title="bbox 298 4079 1602 4154; baseline -0.006 -10"><span class='ocrx_word' id='word_1_340' title='bbox 298 4105 352 4143; x_wconf 92' lang='lat' dir='ltr'><strong>suo</strong></span> <span class='ocrx_word' id='word_1_341' title='bbox 370 4091 465 4142; x_wconf 88' lang='lat' dir='ltr'><strong>castra</strong></span> <span class='ocrx_word' id='word_1_342' title='bbox 483 4083 511 4137; x_wconf 92' lang='lat' dir='ltr'><strong>iu</strong></span> <span class='ocrx_word' id='word_1_343' title='bbox 529 4081 620 4154; x_wconf 86' lang='lat' dir='ltr'><strong>pratis</strong></span> <span class='ocrx_word' id='word_1_344' title='bbox 637 4079 793 4135; x_wconf 85' lang='lat' dir='ltr'><strong>virentibus</strong></span> <span class='ocrx_word' id='word_1_345' title='bbox 810 4079 913 4151; x_wconf 84' lang='lat' dir='ltr'><strong>posuit</strong></span> <span class='ocrx_word' id='word_1_346' title='bbox 949 4093 1001 4134; x_wconf 91' lang='lat' dir='ltr'><strong>nec</strong></span> <span class='ocrx_word' id='word_1_347' title='bbox 1018 4080 1108 4134; x_wconf 90' lang='lat' dir='ltr'><strong>minus</strong></span> <span class='ocrx_word' id='word_1_348' title='bbox 1122 4079 1243 4135; x_wconf 81' lang='lat' dir='ltr'><strong>audaces</strong></span> <span class='ocrx_word' id='word_1_349' title='bbox 1256 4079 1301 4134; x_wconf 91' lang='lat' dir='ltr'><strong>illi</strong></span> <span class='ocrx_word' id='word_1_350' title='bbox 1319 4080 1480 4150; x_wconf 88' lang='lat' dir='ltr'><strong>cruentique</strong></span> <span class='ocrx_word' id='word_1_351' title='bbox 1497 4079 1602 4136; x_wconf 78' lang='lat' dir='ltr'><strong>milites</strong></span> 
     </span>
     <span class='ocr_line' id='line_1_39' title="bbox 299 4165 1603 4244; baseline -0.005 -14"><span class='ocrx_word' id='word_1_352' title='bbox 299 4172 452 4242; x_wconf 81' lang='lat' dir='ltr'><strong>affuerunt,</strong></span> <span class='ocrx_word' id='word_1_353' title='bbox 481 4175 682 4244; x_wconf 87' lang='lat' dir='ltr'><strong>peremptoque</strong></span> <span class='ocrx_word' id='word_1_354' title='bbox 700 4167 759 4222; x_wconf 87' lang='lat' dir='ltr'><strong>illic</strong></span> <span class='ocrx_word' id='word_1_355' title='bbox 778 4165 935 4223; x_wconf 85' lang='lat' dir='ltr'><strong>fortissimo</strong></span> <span class='ocrx_word' id='word_1_356' title='bbox 954 4167 1061 4224; x_wconf 81' lang='lat' dir='ltr'><strong>christi</strong></span> <span class='ocrx_word' id='word_1_357' title='bbox 1084 4168 1171 4224; x_wconf 91' lang='lat' dir='ltr'><strong>milite</strong></span> <span class='ocrx_word' id='word_1_358' title='bbox 1185 4168 1302 4224; x_wconf 88' lang='lat' dir='ltr'><strong>Victore</strong></span> <span class='ocrx_word' id='word_1_359' title='bbox 1321 4184 1383 4224; x_wconf 87' lang='lat' dir='ltr'><strong>cum</strong></span> <span class='ocrx_word' id='word_1_360' title='bbox 1401 4169 1535 4225; x_wconf 80' lang='lat' dir='ltr'><strong>trecentis</strong></span> <span class='ocrx_word' id='word_1_361' title='bbox 1552 4169 1603 4226; x_wconf 91' lang='lat' dir='ltr'><strong>tri·</strong></span> 
     </span>
     <span class='ocr_line' id='line_1_40' title="bbox 299 4255 1508 4335; baseline -0.005 -19"><span class='ocrx_word' id='word_1_362' title='bbox 299 4261 380 4335; x_wconf 81' lang='lat' dir='ltr'><strong>ginta</strong></span> <span class='ocrx_word' id='word_1_363' title='bbox 398 4259 570 4331; x_wconf 84' lang='lat' dir='ltr'><strong>martyribus</strong></span> <span class='ocrx_word' id='word_1_364' title='bbox 588 4261 686 4312; x_wconf 91' lang='lat' dir='ltr'><strong>sancta</strong></span> <span class='ocrx_word' id='word_1_365' title='bbox 706 4255 802 4312; x_wconf 83' lang='lat' dir='ltr'><strong>eorum</strong></span> <span class='ocrx_word' id='word_1_366' title='bbox 821 4271 944 4326; x_wconf 90' lang='lat' dir='ltr'><strong>corpora</strong></span> <span class='ocrx_word' id='word_1_367' title='bbox 962 4255 991 4310; x_wconf 94' lang='lat' dir='ltr'><strong>iu</strong></span> <span class='ocrx_word' id='word_1_368' title='bbox 1008 4255 1081 4312; x_wconf 89' lang='lat' dir='ltr'><strong>locis</strong></span> <span class='ocrx_word' id='word_1_369' title='bbox 1099 4256 1272 4327; x_wconf 85' lang='lat' dir='ltr'><strong>palustribus</strong></span> <span class='ocrx_word' id='word_1_370' title='bbox 1290 4256 1508 4312; x_wconf 88' lang='lat' dir='ltr'><strong>submerserant.</strong></span> 
     </span>
    </p>

    <p class='ocr_par' dir='ltr' id='par_1_12' title="bbox 298 4342 1602 4944">
     <span class='ocr_line' id='line_1_41' title="bbox 387 4342 1602 4416; baseline -0.002 -13"><span class='ocrx_word' id='word_1_371' title='bbox 387 4345 509 4404; x_wconf 79' lang='lat' dir='ltr'><strong>Tandem</strong></span> <span class='ocrx_word' id='word_1_372' title='bbox 533 4345 639 4416; x_wconf 87' lang='lat' dir='ltr'><strong>optatis</strong></span> <span class='ocrx_word' id='word_1_373' title='bbox 663 4343 830 4415; x_wconf 89' lang='lat' dir='ltr'><strong>locupletati</strong></span> <span class='ocrx_word' id='word_1_374' title='bbox 853 4343 953 4414; x_wconf 90' lang='lat' dir='ltr'><strong>spoliis</strong></span> <span class='ocrx_word' id='word_1_375' title='bbox 977 4359 1040 4399; x_wconf 90' lang='lat' dir='ltr'><strong>oum</strong></span> <span class='ocrx_word' id='word_1_376' title='bbox 1064 4345 1189 4400; x_wconf 83' lang='lat' dir='ltr'><strong>exercitu</strong></span> <span class='ocrx_word' id='word_1_377' title='bbox 1208 4342 1333 4414; x_wconf 90' lang='lat' dir='ltr'><strong>reliquo,</strong></span> <span class='ocrx_word' id='word_1_378' title='bbox 1365 4345 1432 4414; x_wconf 91' lang='lat' dir='ltr'><strong>quia</strong></span> <span class='ocrx_word' id='word_1_379' title='bbox 1449 4343 1602 4400; x_wconf 78' lang='lat' dir='ltr'><strong>carausius</strong></span> 
     </span>
     <span class='ocr_line' id='line_1_42' title="bbox 298 4429 1602 4508; baseline -0.003 -17"><span class='ocrx_word' id='word_1_380' title='bbox 298 4435 349 4491; x_wconf 91' lang='lat' dir='ltr'><strong>ille</strong></span> <span class='ocrx_word' id='word_1_381' title='bbox 376 4432 488 4508; x_wconf 76' lang='lat' dir='ltr'><strong>fugiens</strong></span> <span class='ocrx_word' id='word_1_382' title='bbox 517 4448 580 4488; x_wconf 89' lang='lat' dir='ltr'><strong>sese</strong></span> <span class='ocrx_word' id='word_1_383' title='bbox 606 4433 636 4486; x_wconf 91' lang='lat' dir='ltr'><strong>iu</strong></span> <span class='ocrx_word' id='word_1_384' title='bbox 663 4429 850 4487; x_wconf 85' lang='lat' dir='ltr'><strong>Brittanniam</strong></span> <span class='ocrx_word' id='word_1_385' title='bbox 868 4430 1031 4501; x_wconf 85' lang='lat' dir='ltr'><strong>transtulit,</strong></span> <span class='ocrx_word' id='word_1_386' title='bbox 1058 4431 1202 4502; x_wconf 82' lang='lat' dir='ltr'><strong>perviam</strong></span> <span class='ocrx_word' id='word_1_387' title='bbox 1220 4447 1276 4502; x_wconf 87' lang='lat' dir='ltr'><strong>qua</strong></span> <span class='ocrx_word' id='word_1_388' title='bbox 1292 4437 1444 4501; x_wconf 87' lang='lat' dir='ltr'><strong>venerant,</strong></span> <span class='ocrx_word' id='word_1_389' title='bbox 1469 4430 1531 4485; x_wconf 77' lang='lat' dir='ltr'><strong>laeti</strong></span> <span class='ocrx_word' id='word_1_390' title='bbox 1547 4447 1602 4502; x_wconf 91' lang='lat' dir='ltr'><strong>pro</strong></span> 
     </span>
     <span class='ocr_line' id='line_1_43' title="bbox 299 4516 1601 4591; baseline -0.005 -11"><span class='ocrx_word' id='word_1_391' title='bbox 299 4525 408 4581; x_wconf 89' lang='lat' dir='ltr'><strong>scelere</strong></span> <span class='ocrx_word' id='word_1_392' title='bbox 427 4522 577 4577; x_wconf 82' lang='lat' dir='ltr'><strong>redierunt.</strong></span> <span class='ocrx_word' id='word_1_393' title='bbox 614 4520 719 4576; x_wconf 83' lang='lat' dir='ltr'><strong>Eodem</strong></span> <span class='ocrx_word' id='word_1_394' title='bbox 746 4534 817 4575; x_wconf 83' lang='lat' dir='ltr'><strong>vern</strong></span> <span class='ocrx_word' id='word_1_395' title='bbox 836 4525 961 4591; x_wconf 87' lang='lat' dir='ltr'><strong>tempore</strong></span> <span class='ocrx_word' id='word_1_396' title='bbox 980 4520 1015 4575; x_wconf 81' lang='lat' dir='ltr'><strong>eie</strong></span> <span class='ocrx_word' id='word_1_397' title='bbox 1033 4519 1216 4590; x_wconf 87' lang='lat' dir='ltr'><strong>llauritania,</strong></span> <span class='ocrx_word' id='word_1_398' title='bbox 1249 4535 1312 4591; x_wconf 78' lang='lat' dir='ltr'><strong>qua</strong></span> <span class='ocrx_word' id='word_1_399' title='bbox 1329 4524 1374 4574; x_wconf 91' lang='lat' dir='ltr'><strong>est</strong></span> <span class='ocrx_word' id='word_1_400' title='bbox 1392 4534 1460 4589; x_wconf 88' lang='lat' dir='ltr'><strong>pars</strong></span> <span class='ocrx_word' id='word_1_401' title='bbox 1477 4516 1601 4589; x_wconf 67' lang='lat' dir='ltr'><strong>affricae,</strong></span> 
     </span>
     <span class='ocr_line' id='line_1_44' title="bbox 298 4605 1602 4681; baseline -0.005 -15"><span class='ocrx_word' id='word_1_402' title='bbox 298 4607 477 4681; x_wconf 84' lang='lat' dir='ltr'><strong>finitimisque</strong></span> <span class='ocrx_word' id='word_1_403' title='bbox 501 4608 666 4680; x_wconf 78' lang='lat' dir='ltr'><strong>regionibus</strong></span> <span class='ocrx_word' id='word_1_404' title='bbox 689 4607 792 4662; x_wconf 88' lang='lat' dir='ltr'><strong>milites</strong></span> <span class='ocrx_word' id='word_1_405' title='bbox 817 4607 854 4662; x_wconf 92' lang='lat' dir='ltr'><strong>ab</strong></span> <span class='ocrx_word' id='word_1_406' title='bbox 878 4607 1049 4679; x_wconf 88' lang='lat' dir='ltr'><strong>imperatore</strong></span> <span class='ocrx_word' id='word_1_407' title='bbox 1074 4613 1193 4679; x_wconf 91' lang='lat' dir='ltr'><strong>propter</strong></span> <span class='ocrx_word' id='word_1_408' title='bbox 1216 4605 1379 4677; x_wconf 85' lang='lat' dir='ltr'><strong>frequentes</strong></span> <span class='ocrx_word' id='word_1_409' title='bbox 1396 4605 1541 4662; x_wconf 82' lang='lat' dir='ltr'><strong>Gallorum</strong></span> <span class='ocrx_word' id='word_1_410' title='bbox 1558 4610 1602 4660; x_wconf 92' lang='lat' dir='ltr'><strong>tu·</strong></span> 
     </span>
     <span class='ocr_line' id='line_1_45' title="bbox 299 4693 1602 4766; baseline -0.005 -12"><span class='ocrx_word' id='word_1_411' title='bbox 299 4697 403 4754; x_wconf 87' lang='lat' dir='ltr'><strong>multus</strong></span> <span class='ocrx_word' id='word_1_412' title='bbox 421 4697 536 4752; x_wconf 88' lang='lat' dir='ltr'><strong>evocati</strong></span> <span class='ocrx_word' id='word_1_413' title='bbox 554 4695 582 4750; x_wconf 91' lang='lat' dir='ltr'><strong>iu</strong></span> <span class='ocrx_word' id='word_1_414' title='bbox 600 4693 719 4752; x_wconf 84' lang='lat' dir='ltr'><strong>Galliam</strong></span> <span class='ocrx_word' id='word_1_415' title='bbox 738 4693 853 4766; x_wconf 78' lang='lat' dir='ltr'><strong>navigio</strong></span> <span class='ocrx_word' id='word_1_416' title='bbox 870 4699 1023 4763; x_wconf 77' lang='lat' dir='ltr'><strong>venerunt,</strong></span> <span class='ocrx_word' id='word_1_417' title='bbox 1055 4710 1174 4765; x_wconf 89' lang='lat' dir='ltr'><strong>quornm</strong></span> <span class='ocrx_word' id='word_1_418' title='bbox 1192 4694 1311 4750; x_wconf 88' lang='lat' dir='ltr'><strong>trecenti</strong></span> <span class='ocrx_word' id='word_1_419' title='bbox 1329 4693 1531 4764; x_wconf 76' lang='lat' dir='ltr'><strong>qninquaginta</strong></span> <span class='ocrx_word' id='word_1_420' title='bbox 1547 4709 1602 4763; x_wconf 93' lang='lat' dir='ltr'><strong>pro</strong></span> 
     </span>
     <span class='ocr_line' id='line_1_46' title="bbox 300 4780 1600 4854; baseline -0.006 -12"><span class='ocrx_word' id='word_1_421' title='bbox 300 4783 355 4842; x_wconf 83' lang='lat' dir='ltr'><strong>fide</strong></span> <span class='ocrx_word' id='word_1_422' title='bbox 379 4785 520 4841; x_wconf 86' lang='lat' dir='ltr'><strong>catholica</strong></span> <span class='ocrx_word' id='word_1_423' title='bbox 545 4781 677 4839; x_wconf 84' lang='lat' dir='ltr'><strong>trucidati</strong></span> <span class='ocrx_word' id='word_1_424' title='bbox 702 4797 763 4838; x_wconf 87' lang='lat' dir='ltr'><strong>cum</strong></span> <span class='ocrx_word' id='word_1_425' title='bbox 788 4783 874 4838; x_wconf 85' lang='lat' dir='ltr'><strong>beato</strong></span> <span class='ocrx_word' id='word_1_426' title='bbox 891 4781 1019 4838; x_wconf 82' lang='lat' dir='ltr'><strong>Gereone</strong></span> <span class='ocrx_word' id='word_1_427' title='bbox 1041 4783 1160 4854; x_wconf 86' lang='lat' dir='ltr'><strong>ejusque</strong></span> <span class='ocrx_word' id='word_1_428' title='bbox 1178 4781 1264 4837; x_wconf 88' lang='lat' dir='ltr'><strong>sociis</strong></span> <span class='ocrx_word' id='word_1_429' title='bbox 1283 4780 1431 4836; x_wconf 91' lang='lat' dir='ltr'><strong>beatorum</strong></span> <span class='ocrx_word' id='word_1_430' title='bbox 1449 4795 1600 4852; x_wconf 88' lang='lat' dir='ltr'><strong>corporum</strong></span> 
     </span>
     <span class='ocr_line' id='line_1_47' title="bbox 300 4868 1079 4944; baseline -0.005 -18"><span class='ocrx_word' id='word_1_431' title='bbox 300 4872 421 4944; x_wconf 89' lang='lat' dir='ltr'><strong>quietem</strong></span> <span class='ocrx_word' id='word_1_432' title='bbox 439 4875 468 4928; x_wconf 88' lang='lat' dir='ltr'><strong>et</strong></span> <span class='ocrx_word' id='word_1_433' title='bbox 485 4871 695 4926; x_wconf 85' lang='lat' dir='ltr'><strong>venerationem</strong></span> <span class='ocrx_word' id='word_1_434' title='bbox 713 4873 877 4940; x_wconf 87' lang='lat' dir='ltr'><strong>perpetuam</strong></span> <span class='ocrx_word' id='word_1_435' title='bbox 894 4868 1079 4940; x_wconf 79' lang='lat' dir='ltr'><strong>delegerunt·</strong></span> 
     </span>
    </p>

    <p class='ocr_par' dir='ltr' id='par_1_13' title="bbox 301 4953 1602 5116">
     <span class='ocr_line' id='line_1_48' title="bbox 389 4953 1602 5027; baseline -0.002 -13"><span class='ocrx_word' id='word_1_436' title='bbox 389 4959 460 5015; x_wconf 88' lang='lat' dir='ltr'><strong>Post</strong></span> <span class='ocrx_word' id='word_1_437' title='bbox 477 4959 539 5013; x_wconf 76' lang='lat' dir='ltr'><strong>bac</strong></span> <span class='ocrx_word' id='word_1_438' title='bbox 556 4955 739 5013; x_wconf 80' lang='lat' dir='ltr'><strong>Maximianus</strong></span> <span class='ocrx_word' id='word_1_439' title='bbox 757 4959 893 5027; x_wconf 79' lang='lat' dir='ltr'><strong>augustus</strong></span> <span class='ocrx_word' id='word_1_440' title='bbox 911 4970 1045 5010; x_wconf 84' lang='lat' dir='ltr'><strong>reversus</strong></span> <span class='ocrx_word' id='word_1_441' title='bbox 1062 4953 1171 5010; x_wconf 89' lang='lat' dir='ltr'><strong>ltaliam</strong></span> <span class='ocrx_word' id='word_1_442' title='bbox 1193 4953 1329 5009; x_wconf 81' lang='lat' dir='ltr'><strong>suadente</strong></span> <span class='ocrx_word' id='word_1_443' title='bbox 1347 4953 1538 5024; x_wconf 83' lang='lat' dir='ltr'><strong>Diocletiano,</strong></span> <span class='ocrx_word' id='word_1_444' title='bbox 1570 4959 1602 5012; x_wconf 88' lang='lat' dir='ltr'><strong>ut</strong></span> 
     </span>
     <span class='ocr_line' id='line_1_49' title="bbox 301 5040 1601 5116; baseline -0.004 -14"><span class='ocrx_word' id='word_1_445' title='bbox 301 5061 364 5103; x_wconf 89' lang='lat' dir='ltr'><strong>cnm</strong></span> <span class='ocrx_word' id='word_1_446' title='bbox 381 5047 445 5116; x_wconf 89' lang='lat' dir='ltr'><strong>ipso</strong></span> <span class='ocrx_word' id='word_1_447' title='bbox 464 5063 495 5103; x_wconf 86' lang='lat' dir='ltr'><strong>ss</strong></span> <span class='ocrx_word' id='word_1_448' title='bbox 508 5043 690 5104; x_wconf 78' lang='lat' dir='ltr'><strong>&#39;transferret</strong></span> <span class='ocrx_word' id='word_1_449' title='bbox 706 5044 736 5100; x_wconf 94' lang='lat' dir='ltr'><strong>in</strong></span> <span class='ocrx_word' id='word_1_450' title='bbox 755 5043 856 5115; x_wconf 73' lang='lat' dir='ltr'><strong>ofinm,</strong></span> <span class='ocrx_word' id='word_1_451' title='bbox 887 5043 956 5100; x_wconf 88' lang='lat' dir='ltr'><strong>lieet</strong></span> <span class='ocrx_word' id='word_1_452' title='bbox 981 5042 1084 5100; x_wconf 84' lang='lat' dir='ltr'><strong>inritus</strong></span> <span class='ocrx_word' id='word_1_453' title='bbox 1110 5056 1265 5114; x_wconf 89' lang='lat' dir='ltr'><strong>purpuram</strong></span> <span class='ocrx_word' id='word_1_454' title='bbox 1296 5040 1379 5098; x_wconf 90' lang='lat' dir='ltr'><strong>simul</strong></span> <span class='ocrx_word' id='word_1_455' title='bbox 1404 5042 1601 5114; x_wconf 90' lang='lat' dir='ltr'><strong>imperiumque</strong></span> 
     </span>
    </p>
   </div>
   <div class='ocr_carea' id='block_1_9' title="bbox 0 0 1953 6025">
    <p class='ocr_par' dir='ltr' id='par_1_14' title="bbox 0 0 1953 6025">
     <span class='ocr_line' id='line_1_50' title="bbox 0 0 1953 6025; baseline 0 0"><span class='ocrx_word' id='word_1_456' title='bbox 0 0 1953 6025; x_wconf 95' lang='lat' dir='ltr'><strong> </strong></span> 
     </span>
    </p>
   </div>
  </div>
 </body>
</html>
