3892 6025
392 681 459 746 310

482 867 500 919 3
518 864 567 935 qui
583 865 645 932 lls.,
669 863 743 918 lrann
761 863 874 932 stehen‚
893 877 977 918 wera
994 877 1058 918 man
1077 859 1223 934 suhl'nlget
1239 867 1326 932 aetat,
1350 861 1419 918 aher
1437 864 1485 918 dis
1503 865 1616 921 Anrede
1634 872 1696 940 geht

391 965 450 1005 von
469 953 562 1020 1-3,
592 951 680 1007 daher
698 951 736 1006 ist
753 967 809 1021 quo
827 951 934 1006 hessar.
983 954 1009 1006 ‘t
1027 951 1044 1005 8
1061 950 1115 1004 mir
1136 951 1245 1005 scheint
1262 950 1337 1005 dulci
1357 951 1496 1007 doctrinas
1515 953 1581 1010 lues
1599 956 1696 1012 divine

392 1037 498 1092 berner.
533 1039 569 1091 26
586 1038 633 1092 ich
650 1039 762 1094 mdrhta
779 1038 858 1093 lesen
876 1038 950 1093 hem
967 1037 1082 1092 induxit
1119 1039 1155 1092 28
1176 1037 1217 1092 sic
1234 1040 1314 1093 wire
1332 1038 1438 1095 hesser.

481 1169 515 1222 V.
533 1169 577 1224 38.
600 1167 681 1224 Nach
698 1167 760 1222 dem
776 1167 838 1223 hve
856 1166 943 1222 maris
960 1165 1054 1222 stellr.
1090 1165 1143 1222 No.
1160 1166 1222 1234 tac,
1240 1167 1287 1220 at.

739 1522 825 1594 972.
859 1518 988 1593 Oratio
1015 1519 1061 1592 ad
1083 1485 1110 1592 s
1132 1520 1368 1592 deronimnm.

393 1761 471 1829 Ave
493 1781 622 1847 gemma
643 1761 837 1843 venustatis,
1071 1758 1204 1827 Laudes
1227 1767 1291 1825 tuae
1313 1758 1428 1824 laudes
1451 1760 1523 1842 dei,
1659 1761 1695 1822 25
1764 1745 1766 1764 '

395 1866 514 1931 ardens
538 1868 614 1950 igne
637 1865 794 1946 caritatis,
1072 1872 1147 1928 ante
1172 1882 1265 1945 quem
1288 1871 1448 1927 memento
1472 1864 1538 1928 mei

439 1966 560 2032 Christi
582 1987 685 2032 verna
708 1966 893 2046 Jeronime,
1115 1982 1177 2050 pro
1200 1985 1251 2029 me
1276 1983 1374 2031 orans
1392 1967 1536 2052 jugiter,

395 2074 450 2156 qui
473 2073 515 2139 de
537 2092 614 2138 rure
640 2057 772 2136 deitatis
1071 2079 1107 2135 ut
1129 2071 1307 2154 plasmator
1330 2072 1432 2135 omnis
1455 2072 1506 2134 rei

395 2177 491 2241 vellis
515 2177 625 2259 spinas
647 2175 818 2259 pravitatis
1001 2174 1020 2234 5
1074 2172 1130 2238 det
1152 2172 1336 2240 mercedem
1359 2183 1483 2240 sanctae
1507 2175 1597 2260 spei,

437 2280 568 2345 sulcans
591 2279 857 2345 constantissime.
1116 2277 1264 2362 supplico
1287 2277 1467 2343 sinceriter.
1659 2275 1694 2338 30

393 2495 510 2579 Regna
532 2495 642 2559 mnndi
665 2494 857 2579 despexisti,
1072 2491 1197 2556 Dextra
1221 2492 1274 2556 dei
1294 2499 1326 2556 te
1350 2491 1493 2557 lirmavit
1761 2485 1766 2658 p

394 2597 524 2664 Christo
546 2597 651 2664 dhesn
674 2597 840 2662 adhaesisti
1073 2601 1107 2658 et
1128 2594 1247 2658 virtute
1271 2595 1439 2660 roboravit

437 2703 545 2767 carnis
568 2709 677 2766 terens
698 2701 888 2784 spurcitias,
1116 2689 1234 2763 contra
1254 2696 1379 2762 hostem
1402 2699 1615 2764 saevissimum
1628 2699 1644 2778 ,⁴

392 2815 506 2868 nemus
525 2801 660 2868 densum
683 2804 824 2885 coluisti,
981 2805 1020 2869 1⁰
1072 2787 1207 2883 primum
1230 2801 1355 2884 plasma
1378 2801 1432 2882 qui
1454 2799 1652 2885 prostravit,

391 2907 492 2988 longe
515 2925 653 2989 namque
675 2908 856 2990 praevidisti
1072 2901 1131 2968 sed
1154 2913 1186 2967 te
1209 2923 1370 2986 nunquam
1393 2905 1598 2984 obscuravit,
1656 2899 1691 2962 35
1765 2919 1766 3004 p

436 3007 557 3076 diaboli
580 3009 724 3076 insidias.
1116 3026 1136 3073 o
1158 3007 1265 3073 lumen
1287 3007 1593 3092 splendidissimum.

391 3223 522 3291 Nostrae
545 3227 660 3290 mentis
682 3230 863 3312 pravitates
1072 3226 1154 3291 Vale
1174 3224 1240 3313 dun
1260 3224 1488 3309 ecclesiarum,

393 3329 501 3397 carnis
524 3349 587 3394 nec
610 3349 673 3394 non
697 3332 881 3417 voluptates
1072 3349 1166 3411 quem
1191 3330 1342 3394 cohortes
1366 3332 1574 3397 tenebrarum

391 3428 395 3437 ’
436 3435 524 3517 pelle
545 3434 608 3499 tuis
630 3416 825 3519 precihus,
980 3440 1018 3501 15
1114 3432 1216 3496 velint
1237 3432 1338 3496 nolint
1362 3432 1507 3515 lugiunt,

390 3552 514 3600 morum
536 3535 653 3600 dentur
674 3536 877 3620 honestates,
1072 3537 1164 3620 cujus
1186 3536 1248 3599 rivi
1267 3522 1487 3600 doctrinarum
1652 3529 1689 3591 40

393 3636 512 3701 cedant
533 3637 643 3701 mundi
665 3639 841 3723 vanitates,
943 3696 948 3705 .
994 3710 998 3718 ,
1071 3640 1153 3703 sicut
1176 3639 1290 3721 ingens
1313 3638 1386 3702 lons
1410 3658 1568 3722 aquarum

432 3758 516 3822 roga
538 3740 589 3805 his
611 3744 819 3827 pauperihus.
1113 3744 1336 3816 incessanter
1358 3742 1502 3809 ellluunt.

390 3961 417 4032 0
439 3962 513 4043 quid
531 3962 653 4043 modis,
673 3965 748 4046 quid
768 3965 912 4043 limeris,
1069 3960 1175 4027 Serve
1198 3963 1282 4026 hone
1305 3970 1339 4025 et
1361 3960 1487 4043 fidelis,

389 4084 441 4127 me
464 4084 537 4128 nam
560 4067 691 4149 suingit
712 4070 760 4133 ria
782 4072 916 4151 umoris,
971 4070 1015 4133 20
1068 4076 1103 4133 ut
1126 4068 1264 4153 abjectis
1288 4068 1390 4131 hostis
1412 4069 1503 4151 telis,

432 4168 563 4233 reddum
583 4169 639 4233 tihi
660 4170 774 4247 dedda,
1112 4170 1155 4235 da
1176 4178 1231 4235 tuo
1249 4170 1431 4253 juvamine,
1647 4158 1684 4219 45

389 4276 422 4333 te
445 4289 520 4334 nam
541 4272 683 4339 omnibus
704 4276 739 4337 in
758 4272 858 4354 horis,
1068 4282 1102 4338 et
1124 4292 1195 4339 cum
1219 4275 1343 4340 civibus
1365 4275 1397 4337 in
1421 4274 1513 4339 coelis

388 4374 493 4439 cultor
515 4378 619 4441 nostri
640 4377 829 4459 salvatoris,
1068 4378 1166 4442 simus
1188 4394 1247 4442 nor
1271 4378 1340 4443 dno
1359 4378 1501 4459 querelis

432 4477 618 4545 collaudant
639 4480 800 4545 ecclesiae.
825 4522 828 4528 ,
1110 4482 1221 4546 mortis
1245 4482 1277 4545 in
1300 4482 1456 4545 examine.

396 4627 404 4649 ι
475 4675 521 4731 lls.
540 4693 576 4730 zu
592 4676 699 4747 hlaine,
716 4676 788 4749 nug.
806 4676 861 4735 No.
879 4678 941 4734 439.
960 4677 1004 4733 Bi.
1024 4678 1082 4734 185.
1102 4676 1151 4733 des
1170 4680 1204 4733 15
1221 4679 1320 4736 tnhrh.

476 4816 510 4869 18
527 4818 615 4886 rogat
632 4814 686 4884 hic,
704 4814 751 4871 lis
770 4815 816 4871 hle
833 4814 910 4872 kann
927 4817 1034 4874 soehen
1069 4820 1105 4874 39
1124 4820 1231 4891 uolunt,
1249 4820 1300 4876 lla.

474 4955 507 5010 V.
527 4958 568 5012 19.
587 4958 630 5013 20.
656 4961 714 5015 hus
731 4958 783 5017 No.
801 4959 863 5031 268,
882 4962 951 5015 1-5
970 4961 1105 5018 eutlchnt
1389 4926 1392 4933 ⁴
