3892 6025
243 888 385 967 Quorum
408 897 521 955 555515
544 890 717 975 passione,

241 995 312 1060 fusa
336 994 588 1079 deprecatione,

282 1117 351 1165 vox
372 1098 503 1163 auditur
527 1099 667 1163 coelitus:

243 1204 385 1287 ,omnis,
409 1204 465 1286 qui
488 1202 663 1268 devotione

241 1316 356 1371 vestro
378 1304 502 1389 gaudet
524 1322 585 1389 pro
608 1323 730 1388 agone,

283 1410 361 1475 dum
383 1427 449 1474 non
471 1408 513 1473 sit
535 1408 740 1492 proselytus,

241 1619 290 1685 llli
313 1619 436 1684 nullum
459 1625 695 1699 nocumentum,

242 1723 365 1803 rmum,
393 1723 516 1803 oleum,
539 1722 746 1803 frumentum,

283 1835 317 1892 et
339 1826 447 1891 bostis
470 1826 656 1907 victoriam,

1484 706 1549 771 tto

924 907 961 954 55
985 890 1183 973 confessum,
1206 909 1265 956 cor
1286 908 1351 957 uon
1372 892 1507 978 lentum,

922 996 1017 1079 panis
1039 996 1107 1060 vivi
1129 1007 1381 1079 sacramentum,

966 1108 1043 1183 post
1064 1099 1137 1166 baec
1159 1100 1245 1166 dabo
1268 1096 1435 1184 51551555(ι

921 1304 991 1370 Hos
1014 1305 1136 1371 tirones
1158 1326 1353 1373 veneremur

921 1417 1148 1492 martyresque
1170 1407 1399 1495 deprecemur,

965 1519 1001 1578 ut
1022 1512 1136 1577 borum
1159 1512 1314 1577 memorid

921 1614 1025 1679 Jhesu
1048 1612 1179 1679 Christo
1201 1614 1394 1699 adjuvemur

922 1725 955 1782 51
977 1737 1049 1783 cum
1071 1720 1193 1784 sanctis
1214 1738 1407 1786 coronemur

828 1822 871 1885 45
967 1821 1000 1885 15
1023 1821 1148 1886 coelesti
1171 1822 1286 1904 gloria.

329 2027 379 2083 lls.
398 2044 433 2083 55
450 2026 613 2083 Darmstsdt
630 2027 683 2081 No.
701 2028 761 2081 545,
779 2024 829 2081 mit
847 2024 898 2081 der
915 2024 1046 2095 lielodie,
1066 2026 1216 2081 14151515.

331 2166 485 2223 8511155.
502 2167 551 2223 Hs.
586 2167 777 2223 951111115.
813 2170 846 2221 41
866 2165 999 2241 gaudent,
1016 2164 1065 2221 115.
1099 2168 1134 2220 45
1152 2170 1191 2235 st,
1208 2165 1257 2220 Hs.

330 2305 366 2360 v.
387 2308 490 2361 13.14.
517 2304 597 2375 fides,
617 2322 691 2376 spes,
709 2306 823 2363 caritas.
851 2306 880 2362 S.
900 2306 953 2361 Nc.
975 2308 1035 2375 159,
1056 2309 1097 2360 17.
1128 2307 1180 2362 No.
1199 2308 1261 2375 682,
1279 2310 1322 2362 51.

330 2395 364 2449 V.
383 2397 427 2449 31.
451 2400 542 2451 morte
561 2395 684 2452 christo.
721 2394 799 2451 Satis
818 2395 924 2465 elucet,
956 2396 1095 2467 mysterio
1119 2396 1266 2451 1555151555
1289 2396 1389 2452 mortis
1408 2401 1438 2451 et
1454 2413 1549 2453 resur·

242 2481 379 2537 rectionis
396 2479 549 2553 figuratum
567 2481 634 2537 vite
653 2487 760 2537 nostrae
777 2482 883 2538 veteris
902 2498 1033 2538 oceasum
1051 2489 1081 2537 et
1098 2490 1225 2538 exortum
1244 2499 1340 2551 novus,
1372 2483 1549 2540 demonstra·

242 2576 354 2640 tamque
379 2569 537 2641 iniquitatis
561 2568 744 2625 abolitionem
769 2571 1035 2640 renovationemque
1054 2570 1186 2643 justitie.
1217 2572 1349 2641 15555115.
1373 2571 1407 2625 de
1431 2571 1500 2641 spir.
1519 2576 1549 2626 et

245 2656 283 2711 lit
304 2658 346 2711 1⁰.

481 3014 565 3087 739.
601 3010 797 3112 Sequentia
823 3010 868 3086 de
893 3013 1107 3115 martyribus
1134 3013 1310 3089 Thebaeis.

243 3283 423 3350 Redeundo
444 3305 506 3369 per
527 3305 645 3370 gyrum

245 3390 356 3454 circini
379 3389 505 3454 annalis

245 3491 459 3559 Thebaeorum
484 3503 661 3579 martyrum

244 3596 369 3661 refulsit
391 3598 517 3663 natalis.

245 3783 365 3861 Quibus
388 3785 517 3851 modum
540 3788 685 3852 nimirum

244 3889 477 3969 aequinoctialis

244 3991 312 4055 dies
334 3993 397 4056 ists
420 3993 524 4058 155155
547 4002 599 4059 551

246 4095 314 4160 dies
337 4099 513 4164 aeternalis.

244 4282 319 4347 Dies
342 4285 413 4348 sine
436 4306 576 4370 vespera

246 4395 337 4452 55515
360 4406 426 4452 555
448 4391 609 4474 sepultus,

247 4509 337 4571 quem
361 4509 425 4556 uon
449 4492 498 4556 sol
521 4513 581 4577 per
604 4499 682 4560 adra

246 4592 302 4656 sed
324 4595 425 4658 divini
448 4595 555 4660 vultus

249 4779 387 4850 Illustrat
409 4787 585 4869 serenitas,

252 4885 300 4948 tali
322 4895 408 4954 51515
430 4889 544 4973 151155,

252 5006 306 5068 quo
327 5011 423 5058 senes
446 5002 521 5058 sunt
534 4994 691 5078 juvenes,

251 5097 398 5162 5555511
422 5095 559 5164 adultus.

922 3287 958 3352 15
982 3288 1102 3353 155555
1125 3288 1296 3355 Mauritius

922 3411 1066 3455 maurum
1089 3390 1262 3474 diffitetur,

921 3495 954 3558 in
978 3495 1041 3559 bac
1062 3495 1157 3578 niger
1175 3495 1339 3560 Candidus

923 3598 1080 3664 candidus
1103 3600 1249 3664 habetur.

921 3787 986 3855 Ubi
1007 3788 1207 3874 Exsuperius

921 3913 1094 3975 numquam
1116 3902 1304 3978 superetur,

923 4005 956 4061 et
983 3996 1088 4062 victus
1110 3999 1287 4063 victoribus

922 4099 1038 4166 Victor
1060 4101 1211 4166 societur.

922 4287 986 4354 Ubi
1007 4291 1192 4354 innocentia

922 4395 1021 4472 vitam
1046 4393 1101 4458 dat
1119 4393 1235 4477 Vitali,

922 4498 1024 4563 beans
1046 4495 1266 4561 Innocentium

922 4601 1058 4685 proemio
1079 4602 1185 4683 vitali,

923 4789 993 4867 Quo
1015 4797 1130 4854 neuter
1148 4789 1219 4874 jam
1241 4791 1375 4854 moritur

922 4901 1009 4958 15155
1034 4914 1053 4957 5
1076 4893 1183 4976 vitali,

828 4999 867 5061 15
920 5005 1058 5082 uterque
1081 5002 1140 5065 sub
1164 5002 1224 5065 olis
1246 5019 1283 5065 se

922 5104 978 5169 dei
999 5107 1091 5172 novit
1114 5107 1166 5171 ali.

1505 1411 1547 1474 50

1504 3603 1547 3668 20

1505 4894 1547 4956 30
