3892 6025
707 1073 792 1147 Ι130.
831 1074 890 1145 ne
916 1100 944 1145 s.
965 1074 1068 1147 Luca
1094 1100 1147 1149 cv.

274 1288 349 1356 Ave
372 1297 487 1357 sancto
509 1288 618 1375 Luca,
641 1290 695 1357 dei
954 1296 1059 1381 Virgo
1081 1316 1211 1383 semper
1229 1304 1434 1386 permansisti

182 1436 183 1457 r
314 1397 467 1461 scribens
489 1396 710 1483 evangelium,
997 1408 1085 1465 totus
1108 1402 1229 1485 eorde,
1252 1422 1410 1491 corpore,
1537 1411 1581 1475 30

275 1498 366 1563 brrna
389 1498 456 1564 lide
479 1520 608 1585 semper
629 1502 661 1565 ei
953 1500 1057 1567 Paulo
1081 1521 1209 1585 quoque
1233 1504 1401 1572 adbaesisti

314 1603 455 1668 exhibes
478 1604 674 1689 obsequium.
998 1606 1084 1669 omni
1102 1607 1192 1691 loco,
1216 1614 1372 1694 tempore,

276 1766 354 1832 Olim
377 1769 482 1834 dabas
505 1770 704 1837 medicamen
879 1772 900 1834 b
954 1768 1015 1847 Qui
1037 1770 1152 1833 beatus
1177 1777 1355 1853 occupatur

182 1952 183 1955 Ἴ
314 1871 473 1936 morbidis
496 1872 700 1956 corporibus.
996 1873 1091 1938 verbi
1113 1873 1286 1956 exercitio,

277 1972 424 2056 spiritale
446 1990 533 2038 nuno
555 1992 709 2037 sanamen
953 1993 1035 2059 ergo
1058 1983 1114 2040 tua
1131 1975 1329 2061 praedicatur
1537 1980 1579 2043 35

315 2073 375 2137 das
398 2072 533 2138 infirmis
556 2074 718 2141 cordibus.
995 2080 1068 2144 laus
1089 2080 1123 2143 in
1145 2080 1328 2163 evangelio.

273 2238 407 2324 Scripta
428 2248 485 2305 tua
506 2239 667 2307 medicina
951 2243 1129 2310 Pueumate
1152 2246 1247 2312 abisti
1269 2248 1386 2331 plenus

314 2354 390 2411 suut
413 2346 598 2429 lauguentis
621 2348 752 2431 animm,
859 2350 900 2416 10
997 2348 1083 2413 almo
1105 2350 1138 2413 in
1160 2348 1331 2433 Bithynia,

272 2469 333 2533 per
355 2469 431 2533 quae
454 2451 560 2533 gratia
582 2450 692 2517 divina
950 2453 1042 2519 locus
1064 2460 1153 2517 tenet
1174 2461 1208 2517 te
1227 2472 1372 2519 amoenus

313 2560 456 2619 mentem
477 2562 572 2619 sanat
593 2554 711 2620 intime.
994 2556 1028 2619 in
1050 2556 1176 2620 caelesti
1197 2557 1313 2639 patria.
1535 2558 1579 2623 10

271 2714 314 2782 Ut
334 2716 506 2782 Jobannes
528 2717 709 2785 increatum
951 2716 1073 2785 Sancte
1095 2716 1203 2802 Luca,
1226 2738 1287 2802 per
1308 2717 1469 2783 medelam

313 2818 435 2903 aquilae
457 2820 516 2885 sub
538 2820 685 2902 nomine,
994 2828 1082 2885 tuam
1104 2839 1185 2885 sana
1206 2820 1344 2885 vulnera

271 2930 305 2989 nt
325 2923 504 2989 Matthaeus
525 2924 725 2989 incarnatum
856 2924 897 2989 13
951 2925 1068 2989 mentis
1089 2942 1187 3006 mem,
1211 2923 1253 2988 da
1275 2925 1454 3007 cautelam,

314 3027 472 3094 describit
492 3029 526 3092 in
547 3027 690 3111 bomine,
993 3047 1036 3093 ne
1058 3037 1248 3112 rumpantur
1270 3035 1392 3094 vetera.

271 3192 369 3258 Velut
391 3192 522 3258 blarcus
544 3197 768 3276 resurgentem
951 3189 1069 3258 Cesset
1089 3212 1151 3275 per
1173 3199 1206 3256 te
1227 3189 1331 3256 lastds
1353 3197 1460 3255 tumor
1533 3192 1576 3255 15

312 3297 375 3360 sub
397 3294 502 3359 leonis
523 3295 635 3378 titulo,
994 3305 1029 3361 et
1049 3297 1135 3361 livor
1155 3294 1304 3377 invidia,

271 3399 318 3464 sic
339 3405 376 3462 tu
400 3396 564 3463 Christum
586 3398 777 3464 morientem
949 3399 1010 3464 irae
1030 3399 1114 3481 iuro,
1138 3397 1245 3463 carnis
1267 3398 1399 3477 humor,

182 3525 183 3558 i
312 3500 466 3583 designas
487 3501 522 3565 iu
543 3501 654 3565 vitulo.
854 3501 896 3565 20
992 3499 1133 3582 languor
1155 3497 1408 3580 gastrimargiae,

270 3662 361 3730 Sicut
384 3663 469 3728 enim
490 3664 551 3728 bos
574 3670 717 3728 maturus
949 3659 1070 3726 Mentis
1091 3667 1219 3744 torpor,
1241 3667 1342 3724 tenax
1362 3659 1472 3743 rigor,

312 3775 364 3832 est
387 3765 509 3830 divisus
533 3767 669 3848 ungula,
993 3782 1085 3830 amor
1106 3765 1315 3849 cenodoxia,
1534 3768 1576 3830 50

270 3868 312 3934 ad
333 3870 480 3933 laborem
503 3887 629 3932 omnem
651 3867 769 3952 durus,
950 3869 1030 3934 assit
1052 3870 1206 3953 spiritalis
1227 3871 1325 3953 vigor
1584 3853 1588 3858 ⁸

312 3973 477 4037 ruminans
499 3993 560 4057 per
582 3974 725 4055 singula:
993 3989 1064 4036 cum
1087 3969 1189 4035 tluorc
1212 3972 1337 4054 gratiae.

270 4135 326 4202 Sic
349 4135 509 4202 discretus
531 4137 564 4200 in
588 4134 741 4220 agendis,
854 4136 896 4199 25
949 4131 984 4200 A
1005 4153 1057 4199 me
1076 4135 1201 4200 bostem
1224 4137 1303 4220 luga
1325 4145 1465 4221 trucem,

311 4240 406 4304 tortis
429 4241 462 4303 iu
484 4240 670 4322 laboribus,
993 4257 1108 4322 pacem
1131 4236 1174 4303 da
1197 4241 1394 4324 continuam,

270 4343 433 4408 studiosus
455 4345 488 4407 in
510 4343 691 4410 scribendis
945 4342 1043 4426 juxta
1065 4361 1181 4407 nomen
1204 4352 1291 4409 tuum
1312 4345 1416 4411 lucem
1534 4346 1575 4408 55

312 4467 349 4510 as
371 4455 515 4514 maturus
537 4449 688 4512 moribus.
994 4463 1178 4529 consequar
1198 4457 1399 4532 perpetuam.

357 4625 554 4680 Raithenauer
570 4625 619 4680 lis.
638 4625 692 4681 Nu.
712 4626 755 4681 36.
775 4623 793 4680 i
814 4626 865 4681 ast
883 4624 932 4681 des
951 4625 1094 4681 ttlabrb.
1128 4627 1186 4680 Das
1203 4625 1271 4680 Lied
1289 4625 1329 4680 ist
1346 4641 1403 4681 rou
1416 4624 1477 4680 dem
1491 4624 1576 4680 Prior

271 4712 382 4767 llonrat
399 4727 458 4766 von
477 4711 595 4782 Gaming
619 4709 674 4765 und
699 4711 775 4766 steht
799 4713 871 4767 auob
894 4711 924 4767 in
947 4711 999 4767 der
1017 4711 1180 4784 Sammlnng
1201 4711 1295 4766 seiner
1313 4711 1448 4769 Gediebte
1471 4713 1501 4768 iu
1524 4712 1575 4768 dar

270 4799 438 4856 llincbeuer
457 4797 504 4852 Hs.
524 4797 591 4853 Glm.
610 4797 663 4854 No.
681 4799 760 4853 3012.

353 4943 390 4997 33
415 4939 531 5012 quibus,
555 4939 620 5012 Hs,
649 4939 709 4997 wal
731 4937 953 4999 Schrsibfsblar.
1007 4942 1043 4996 35
1067 4955 1106 5012 go
1125 4941 1173 4995 tir
1190 4955 1279 5012 ergo,
1307 4940 1356 4997 lla
1408 4941 1444 4996 ts
1464 4941 1572 4995 vastus.

272 5029 305 5082 53
321 5025 367 5085 tbr
385 5027 537 5095 κενοδοξία.
