3892 6025
401 619 469 684 392

350 839 354 843 ¹
399 808 462 887 oui
484 817 517 875 te
540 809 710 876 convivam
732 815 853 898 saepios
1005 821 1024 880 5
1082 836 1144 902 pro
1168 825 1223 884 tuo
1246 837 1342 884 sacro
1363 820 1496 885 nomine

401 912 515 978 babuit
536 922 571 978 et
591 915 730 979 alacrius
1080 920 1221 1006 perdere
1244 923 1318 988 suso
1341 925 1512 1006 sanguine.

400 1016 527 1100 recepit
548 1017 622 1082 aede
643 1021 793 1102 propria,

398 1119 593 1184 ministravit
614 1120 747 1187 narina
769 1123 833 1207 pia.
1081 1108 1129 1174 0b
1153 1109 1216 1175 1¹⁰0
1239 1111 1343 1194 insum
1366 1122 1533 1198 perpetuo

1080 1213 1131 1277 vis
1154 1213 1252 1297 pleno
1275 1215 1338 1279 frui
1361 1215 1503 1298 gaudio,

401 1304 498 1371 lluuc
519 1307 700 1389 suscitasti,
722 1307 866 1393 domine,
1082 1332 1176 1396 quem
1199 1315 1369 1380 ostendisti
1390 1318 1539 1382 lacrimis

402 1427 498 1474 sacro
521 1410 665 1492 spirante
688 1411 835 1496 llemine,
987 1418 1027 1482 10
1083 1416 1217 1481 amioum
1240 1419 1312 1482 lore
1334 1421 1483 1485 numinis.

401 1531 501 1595 prece
523 1513 617 1598 cujus
639 1533 701 1580 nos
722 1516 819 1581 visita
1431 1550 1436 1559 ·

400 1615 613 1699 visitatosquc
635 1619 769 1685 suscita.
812 1651 816 1657 »
1081 1603 1170 1670 11⁸¹¹⁸
1192 1609 1279 1690 latri
1301 1610 1343 1673 ⁸st
1365 1617 1398 1674 θῐ
1419 1612 1536 1692 gebim

1083 1706 1183 1772 decus
1206 1717 1304 1791 atque
1323 1714 1502 1796 paraclito,

401 1802 464 1880 Qui
485 1803 599 1884 vitam,
623 1824 719 1886 quam
742 1808 881 1873 obtinuit
1082 1813 1198 1876 beatus
1221 1830 1351 1895 quoque
1373 1813 1525 1886 Lazarus

401 1903 546 1969 seeundo
569 1924 732 1987 nunquam
758 1908 860 1974 timuit
1083 1921 1156 1978 oret
1178 1933 1239 1997 pro
1263 1919 1357 1982 nobis
1381 1921 1541 1986 omnibus.

490 2087 537 2143 lls.
556 2105 591 2143 zu
611 2089 640 2145 S.
659 2089 731 2145 Paul
750 2091 778 2144 in
796 2092 923 2150 lidrnten
941 2096 995 2153 No.
1015 2099 1058 2155 76.
1078 2102 1111 2154 15
1129 2100 1226 2156 Jahrb.

654 2425 765 2500 1028.
807 2428 865 2530 De
890 2454 918 2534 s.
947 2430 1172 2535 L'eodegario
1202 2440 1444 2535 (tropmium).

403 2648 433 2708 1.
464 2642 573 2710 Adest
592 2667 733 2732 namque
756 2650 826 2716 dies
848 2671 960 2738 sacra,
1146 2657 1225 2724 Post
1266 2659 1342 2726 hinc
1380 2672 1499 2748 sponte
1537 2683 1697 2750 compren-

468 2749 637 2831 perlucido
665 2759 763 2834 atque
786 2754 1029 2838 formosissima²
1445 2767 1535 2833 ditur

468 2857 585 2915 ornata
605 2848 784 2934 Leudgarii
809 2875 890 2921 nece
914 2862 1027 2942 sancti,
1146 2867 1242 2929 saevis
1266 2870 1307 2933 ab
1325 2868 1461 2934 inimicis
1660 2870 1695 2932 2⁰

814 2955 817 2959 ’
1146 2977 1180 3034 et
1200 2971 1328 3037 vinctus
1350 2971 1499 3059 privatur

468 3007 528 3086 oni
550 3010 688 3093 plurima
710 3016 916 3084 ⁰⁰mmi⁸⁰mt
1146 3071 1248 3135 oculis
1272 3076 1376 3140 sancti
1399 3079 1527 3160 capitis.

465 3113 498 3175 in
521 3112 583 3178 hac
606 3117 673 3180 vita
697 3118 810 3183 saeculi
824 3121 1025 3206 miracula,5

464 3213 602 3279 invictas
646 3234 776 3303 semper
830 3221 1025 3295 effundendo

764 3320 917 3403 pram·-
1100 3330 1108 3347 .
1137 3281 1262 3348 Deinde
1286 3285 1388 3351 labris

1143 3389 1209 3452 oris
1231 3392 1399 3475 abscissio,

400 3506 431 3568 2.
463 3503 523 3570 (lui
545 3503 693 3573 Christus
715 3513 855 3593 gretiam

465 3610 648 3678 contulerat
668 3631 734 3678 non
756 3615 930 3701 modicam,

463 3720 500 3776 ut
521 3714 683 3783 vincendo
706 3719 852 3785 vinceret

463 3815 624 3898 malignas
668 3820 765 3885 ostoli
800 3822 933 3887 fraudes
965 3843 1023 3891 co·

536 3905 538 3910 ¹
763 3923 864 4006 lubri3
964 3929 1022 4003 ‚10

462 4077 524 4157 Qui
546 4089 623 4164 post
643 4086 776 4149 multum
796 4089 979 4171 proiectum
1036 4138 1039 4145 ·

461 4183 592 4267 populis
614 4176 887 4295 proclamantibus

461 4293 559 4368 atque
581 4293 836 4358 contestantibus

462 4388 506 4453 ad
538 4389 651 4454 sedem
683 4396 875 4477 provehitur
907 4364 1028 4484 posto·¹

760 4496 870 4561 nalem.

395 4678 426 4744 3.
457 4677 572 4745 Hicin
594 4676 713 4746 Aeduo
734 4703 795 4749 rex
817 4696 888 4753 erat
977 4694 1018 4756 15

459 4790 590 4867 pastor,
613 4785 700 4849 ovile
722 4805 812 4853 soum

457 4887 640 4952 ministrans
663 4890 778 4958 sedulo

456 4988 718 5060 documentorum
740 5000 871 5080 pabulo.

1141 3492 1252 3576 lingua
1274 3492 1464 3578 depraedato

1137 3596 1207 3680 jam
1233 3599 1345 3681 palato
1440 3634 1453 3661 ·

1120 3756 1124 3765 .
1140 3703 1232 3797 canit·
1245 3700 1375 3768 Christo
1399 3706 1537 3788 gratius·

1141 3835 1265 3923 Capitis
1287 3859 1416 3925 quoque

1140 3940 1278 4005 libenter
1300 3944 1413 4009 suffert

1129 4060 1262 4126 ,saevain
1274 4046 1492 4131 sententiam,

1140 4152 1231 4209 racto
1254 4154 1359 4211 stante

1138 4267 1204 4312 nna
1224 4249 1307 4315 hora
1325 4270 1473 4337 corpore.

1072 4460 1101 4521 ὅ.
1135 4458 1194 4536 Qui
1218 4462 1332 4545 capitis
1354 4465 1491 4530 vulnera

1138 4582 1199 4645 per
1221 4582 1316 4629 sacra
1339 4577 1389 4631 est
1410 4570 1478 4652 poli

1138 4667 1276 4731 culmina
1300 4670 1451 4755 adeptus,

1135 4800 1172 4867 In
1196 4821 1258 4885 quo
1285 4806 1376 4871 miles
1401 4808 1545 4873 candidis

1135 4924 1206 4970 cnm
1229 4908 1336 4972 choris
1360 4921 1535 4996 martyrum

1135 5008 1263 5077 domino
1287 5022 1338 5081 est
1360 5018 1518 5102 sociatus3
