3892 6025
549 829 710 887 Immortalis
728 831 761 902 (l.
783 865 813 874 —
833 833 842 886 i
863 840 941 908 uam)
960 835 1116 891 translatus
1134 834 1235 890 emieat
1251 835 1386 889 memorii

552 917 710 974 Radbertus
727 920 853 990 pontifex
870 939 936 993 spes
955 927 1067 993 nostra,
1085 923 1163 978 salus
1181 927 1211 979 et
1227 921 1331 994 gloria.

550 1039 657 1098 Gaudet
675 1039 767 1110 (jem)
786 1038 885 1094 coelum
904 1039 1003 1094 inolita
1019 1039 1152 1110 praesalis
1170 1055 1206 1094 ex
1224 1039 1332 1108 arima,

550 1132 628 1182 terra
646 1125 765 1193 meritis,
785 1141 907 1196 corpore
925 1124 1078 1197 triumphat
1097 1123 1193 1197 [ielis]
1211 1125 1342 1182 Juvavia,

550 1245 705 1305 Suavitatis
724 1247 811 1316 odor,
829 1244 895 1302 foss
986 1246 1109 1302 ooelestis
1128 1245 1232 1318 gratiae
1250 1249 1303 1300 eto.

504 1565 612 1640 1146.
649 1565 692 1634 ln
716 1589 743 1635 s.
770 1562 972 1637 Soolastioae
1003 1564 1161 1661 virginis
1196 1559 1241 1632 ad
1269 1586 1434 1660 vesperas
1459 1561 1620 1662 hymnus.
1746 1606 1747 1643 2

410 1793 547 1871 Christe,
570 1793 745 1875 redemptor
764 1795 918 1871 ιιιιιιιιιιιι,
1084 1787 1284 1871 suolmam,
1307 1790 1404 1872 virgo
1425 1788 1498 1872 dei,

409 1897 527 1962 eraudi
552 1915 667 1980 preces
690 1889 887 1981 supplieuu',
1084 1892 1186 1958 deous
1208 1910 1375 1957 saorarum
1398 1893 1578 1975 virgiuum,

409 2015 491 2081 quos
514 1998 678 2062 redemisti
699 2000 872 2081 sauguine,
1085 1997 1210 2081 sprevit
1232 2004 1348 2061 cuncta
1370 1997 1485 2061 soeouli
1666 1996 1697 2056 15

408 2101 497 2165 nullo
520 2100 654 2164 deseras
676 2109 831 2185 tempore.
1084 2097 1253 2181 sequendo
1276 2097 1440 2164 Christum
1464 2097 1633 2164 dominum.
1746 2102 1747 2185 g

407 2257 556 2369 Laudes]
579 2306 659 2370 quas
682 2287 923 2371 (immisimus,
1011 2291 1031 2352 5
1086 2285 1247 2352 Gouemur
1269 2289 1346 2353 totis
1368 2289 1509 2372 viribus,

407 2391 538 2474 suscipe
560 2392 678 2474 gratis,
701 2411 760 2454 rex
782 2391 869 2475 pius,
1080 2390 1256 2475 jungamus
1279 2410 1396 2475 preoes
1418 2393 1591 2476 preoibus,
1746 2386 1747 2467 i

407 2510 467 2559 nos
491 2491 682 2560 Soolastioae
700 2495 836 2577 jugibus
1084 2501 1120 2559 ut
1141 2477 1333 2560 Soolastiooe
1354 2495 1479 2560 meritis
1746 2504 1747 2589 p

408 2605 442 2662 tu
464 2596 540 2661 fove
563 2597 682 2662 sanetis
705 2599 864 2681 preoibus.
999 2585 1005 2594 ’
1084 2596 1159 2663 omli
1180 2596 1324 2662 fruamur
1345 2597 1485 2680 gaudiis.
1662 2594 1696 2657 20
1746 2600 1747 2627 ¹

1746 2710 1747 2741 i

407 2782 487 2862 Quae
510 2781 609 2848 dante
632 2790 686 2847 tua
708 2785 815 2865 gratia
1083 2785 1186 2867 Laus,
1209 2788 1328 2871 honor,
1351 2788 1470 2872 virtus,
1494 2787 1616 2873 gloria,

406 2896 440 2954 te
463 2887 574 2954 ooleus
598 2888 677 2954 feeit
700 2889 815 2968 omnia,
989 2887 1030 2951 1⁰
1083 2910 1219 2974 reguum
1240 2910 1379 2976 perpes,
1401 2893 1543 2958 vintoris

407 2989 527 3057 dudum
549 3000 583 3057 tu
606 2991 678 3077 ejus
700 2991 842 3059 lacrimis
1082 2993 1125 3059 sit
1145 2994 1231 3080 patri
1253 3001 1288 3060 et
1308 2993 1393 3077 filio,
1414 2995 1540 3061 flamini
1746 3002 1747 3096 ᾗ

405 3094 540 3160 imbrem
563 3092 681 3159 dedisti
704 3113 746 3159 ex
767 3095 903 3179 superis.
1081 3117 1212 3183 semper
1233 3100 1396 3165 ooutiuuo.
1746 3171 1747 3206 1

493 3276 540 3337 ris
559 3281 608 3338 des
624 3280 692 3337 Bru.
711 3280 795 3337 dmm
814 3278 939 3353 Giooguo
956 3296 992 3335 mr
1009 3282 1138 3355 Venedig
1154 3261 1356 3339 Nemmio
1373 3283 1475 3340 sautu.
1510 3283 1562 3339 1)ιό
1578 3280 1624 3339 ns
1641 3278 1692 3331 0111
1746 3245 1748 3348 1

404 3368 559 3530 3:2²2?
575 3371 593 3424 2
612 3368 716 3425 audere
734 3366 835 3425 Liedor
859 3364 913 3423 aui
926 3366 1004 3424 disse
1020 3368 1146 3443 Redige,
1178 3370 1222 3427 die
1245 3371 1320 3427 auoh
1340 3372 1393 3428 mit
1415 3370 1580 3427 estlehuteu
1596 3366 1693 3422 versu

493 3581 589 3633 ιιιιι
615 3550 819 3649 ususyuuus
845 3577 1108 3646 serumserum.
1152 3580 1341 3651 summ,
1368 3581 1416 3640 ιιι.
1458 3585 1495 3638 10
1520 3580 1624 3646 eous,
1652 3570 1690 3629 11⁸
1746 3559 1747 3564 ‘

407 3670 441 3722 td
459 3666 559 3722 besaer
572 3664 689 3725 latrias.
724 3669 761 3724 at
778 3667 835 3725 soll
852 3666 1235 3762 wurteheisiiouheisseu:
1253 3670 1292 3728 sit
1308 3686 1419 3744 semper
1435 3687 1543 3729 summo
1559 3662 1663 3725 sanim
1746 3725 1747 3732 ,

848 3986 957 4061 1147.
989 3984 1029 4060 S.
1057 3985 1271 4061 Soolastieae.

400 4225 540 4311 Hymiaa
561 4246 634 4294 eum
656 4225 799 4312 tripudio
1078 4222 1241 4291 Gomara
1260 4224 1356 4291 fratri
1378 4226 1490 4293 similis

400 4338 436 4397 et
457 4338 568 4414 osma,
592 4350 676 4415 grex
698 4329 888 4409 monastiea,
1076 4328 1186 4395 muudi
1208 4327 1347 4414 diruptis
1368 4330 1499 4397 essibus
1653 4314 1686 4377 ¹⁰
1746 4339 1748 4378 t

400 4431 540 4498 ferventi
562 4433 674 4498 ooleus
696 4432 803 4497 studio
1077 4430 1120 4497 ad
1142 4429 1306 4497 curiatum
1327 4449 1481 4519 sponsum
1501 4426 1615 4498 nobilis
1746 4457 1747 4460 ¹

400 4535 558 4600 solemnia
580 4533 780 4602 Soolastioae.
1076 4534 1192 4599 mentis
1214 4536 1370 4603 currebat
1390 4536 1549 4621 passibus.

366 4770 370 4777 -
399 4720 480 4789 limo
501 4724 626 4807 speruit
649 4727 691 4790 ab
712 4723 845 4791 infautia
1076 4723 1161 4792 Hire
1179 4726 1468 4792 sauotimouialium

400 4844 471 4893 euru
494 4844 553 4892 suo
576 4828 657 4893 flore
679 4829 848 4912 saeoulum,
1077 4827 1245 4911 exemplar
1267 4844 1341 4891 esse
1362 4828 1494 4911 meruit,

399 4928 565 5013 sequendo
588 4948 660 4996 oum
683 4931 865 4997 ooustautia
1076 4933 1235 5009 bonorum
1256 4930 1457 4995 aeternalium

398 5032 535 5099 Mariam
555 5034 633 5100 vitm
655 5035 830 5120 speoulmu.
1077 5035 1193 5117 quibus
1214 5034 1277 5101 iter
1299 5035 1437 5119 aperuit.
