3892 6025
808 1130 892 1204 757.
931 1129 988 1200 De
1014 1154 1043 1200 s.
1069 1123 1235 1200 Achatio.

370 1372 494 1437 Fidelis
516 1370 710 1436 universitas
1049 1368 1156 1431 lllorte
1179 1365 1321 1450 pastoris
1344 1363 1442 1447 igitur

370 1475 533 1543 collaudet
556 1475 609 1540 dei
631 1474 747 1557 filium,
1049 1488 1185 1555 prorsus
1207 1468 1400 1551 imaginaria

369 1581 464 1646 adest
485 1600 580 1646 sacra
603 1580 761 1644 festivitas
1050 1593 1135 1657 grex
1158 1571 1278 1637 Christi
1300 1570 1501 1655 crucifigitur
1636 1572 1677 1633 15

237 1747 242 1772 „
368 1692 553 1749 sanctorum
575 1683 688 1749 decem
711 1680 900 1755 millium„
1051 1682 1165 1740 assunt
1188 1683 1221 1739 et
1243 1676 1337 1757 signa
1358 1675 1460 1758 paria.

369 1890 439 1957 Sub
461 1890 637 1957 Hermolao
660 1889 801 1974 praesule
975 1888 995 1949 5
1049 1882 1132 1947 Nam
1155 1881 1321 1946 mortisia
1346 1881 1511 1947 doloribus

369 2013 443 2059 oum
464 1993 531 2059 suis
555 1992 621 2057 dux
644 1979 803 2057 Achatius
1050 2004 1141 2069 spem
1164 1986 1337 2049 salutarem
1358 1985 1533 2069 impetrant

369 2114 464 2162 sacro
487 2097 573 2162 lotus
595 2096 788 2179 baptismate
1050 2087 1175 2152 cunctis
1197 2088 1246 2151 sui
1268 2088 1477 2167 nemoribus,

369 2199 467 2263 fidem
490 2206 601 2263 servat
623 2198 778 2263 vivacius.
1050 2191 1180 2273 laetique
1204 2192 1305 2256 ooelos
1328 2200 1508 2276 penetrant.
1632 2193 1676 2256 2⁰

369 2405 429 2471 llis
451 2404 619 2471 Adrianus
642 2406 781 2488 imperat
964 2415 967 2422 ·
1051 2398 1130 2463 Tam
1153 2397 1229 2461 forti
1250 2417 1312 2481 pro
1334 2400 1486 2480 victoria,

370 2527 491 2589 caesar,
514 2515 550 2572 ut
567 2508 667 2571 libent
685 2506 796 2587 idolis,
956 2506 996 2568 10
1051 2502 1211 2586 triumpho
1234 2521 1295 2586 pro
1318 2511 1383 2568 tam
1405 2504 1515 2568 inolito

370 2630 476 2693 quem*
489 2612 553 2676 dux
577 2614 692 2677 heatus
716 2617 850 2696 superat
1051 2606 1093 2669 sit
1115 2605 1178 2669 deo
1199 2607 1286 2689 patri
1308 2606 1414 2688 gloria

370 2733 442 2779 cunr
464 2714 609 2811 patribus
631 2712 834 2777 christicolis.
1023 2708 1026 2713 ’
1050 2708 1199 2792 prolique
1222 2728 1293 2773 curn
1316 2710 1484 2794 paraclito.

457 2913 505 2969 ns.
536 2930 569 2967 nu
598 2914 627 2969 S.
655 2913 727 2968 Paul
751 2913 780 2967 iu
799 2912 925 2969 Kirntan
952 2911 1069 2967 No.13.
1095 2909 1167 2967 too
1193 2911 1243 2966 das
1270 2914 1305 2966 15
1328 2913 1427 2969 Jahrb.
1454 2914 1521 2982 (Δ).
1565 2912 1615 2967 lla.
1642 2930 1679 2967 sn

370 3002 509 3058 llinoheu
528 3002 597 3059 clm.
617 3004 712 3058 uoto.
731 3003 781 3058 des
800 3005 836 3058 11
853 3001 951 3057 Jahrla
972 3002 1036 3072 (B).

458 3119 695 3213 3sollempuitus
714 3143 745 3198 Β.
791 3140 984 3198 ollermelao
1001 3141 1115 3211 perside
1132 3142 1166 3195 A.
1212 3140 1397 3196 &servatius
1416 3143 1448 3196 A.
1500 3142 1535 3196 tt)
1551 3141 1624 3197 libat
1639 3143 1674 3196 Α.

371 3232 403 3283 11
422 3228 542 3301 insignis
562 3231 592 3284 Β.
629 3232 664 3283 13
681 3244 817 3300 passuros
835 3229 866 3283 B.
904 3231 938 3282 17
956 3243 1020 3282 nam
1037 3228 1071 3282 Α.
1109 3229 1143 3282 19
1161 3243 1259 3283 nemor
1277 3229 1308 3283 Β.
1343 3231 1380 3282 20
1397 3227 1458 3284 laeti
1474 3229 1531 3285 ΑΒ.

458 3368 552 3424 V‚1t.
582 3367 749 3438 imaginaria
771 3367 861 3422 heisst
878 3365 940 3422 hier
958 3366 1145 3435 vorbildlich,
1173 3329 1249 3422 'nach
1267 3367 1329 3422 dem
1346 3367 1483 3424 Vorbilde
1502 3368 1552 3423 dos
1570 3369 1677 3425 Kraun-

374 3456 453 3512 todes
479 3454 593 3513 Christi.
629 3455 685 3510 Der
703 3455 772 3511 Siuu
789 3454 839 3510 ist:
868 3452 912 3509 die
930 3452 1024 3509 ilerde
1043 3454 1150 3512 curiati
1172 3454 1246 3509 vird
1268 3471 1340 3527 ganz
1361 3458 1432 3510 nach
1458 3456 1520 3512 dem
1538 3457 1676 3513 Vorbilda

372 3541 421 3598 das
440 3543 532 3600 l'odcs
550 3543 626 3597 ihros
644 3542 745 3599 llirteu
763 3541 939 3614 gekrcuzigt.

708 3924 793 3998 758.
828 3925 885 3995 De
912 3949 939 3995 s.
968 3920 1130 3997 Adriano
1158 3934 1321 4024 martyre.

368 4184 444 4252 Ave
468 4197 580 4252 sancte
603 4184 766 4270 Adriane,
1000 4194 1004 4202 “
1050 4190 1112 4267 oui
1135 4192 1176 4254 ab
1197 4190 1346 4255 infernali
1370 4211 1451 4256 canc

370 4291 425 4371 qni
448 4292 636 4376 martyrium
658 4292 796 4356 immane
1050 4295 1182 4358 salvans
1204 4313 1264 4358 nos
1287 4294 1341 4359 lac
1362 4295 1449 4358 viam
1472 4295 1569 4379 plane

413 4413 530 4478 passus
555 4414 590 4459 es
613 4396 644 4460 iu
669 4414 827 4480 corpore,
1115 4398 1228 4462 salutis
1250 4397 1421 4480 incedere,

370 4505 459 4562 stans
481 4515 543 4582 pro
567 4494 697 4564 Christo
720 4499 910 4582 christiane,
1050 4484 1227 4583 vivereque
1249 4502 1298 4566 sio
1320 4501 1458 4566 humano
1635 4506 1676 4569 10

371 4599 501 4681 quando
524 4601 643 4666 haeresi
664 4603 813 4686 profanae
978 4604 997 4683 5
1049 4611 1085 4669 nt
1106 4605 1265 4688 possimus
1288 4612 1423 4670 mortem
1441 4625 1519 4673 sane

414 4704 546 4771 uoluisti
570 4705 716 4771 credere.
1094 4705 1230 4772 subitam
1255 4706 1406 4772 evadere.

447 4888 506 4944 lla.
530 4886 739 4948 frauztisisolror
757 4893 910 4966 'l'agneiten
937 4893 977 4949 im
994 4891 1198 4964 Privatbesita,
1231 4897 1265 4950 15
1281 4895 1380 4952 Jahrb.
1420 4895 1478 4954 llas
1497 4911 1587 4968 gausa
1609 4897 1678 4954 cieo

370 4973 420 5031 hat
438 4991 492 5032 nur
509 4977 583 5031 nwei
599 4977 703 5034 Raima.

460 5096 495 5152 1⁰
514 5097 559 5168 sit,
578 5097 625 5155 lis.
