3892 6025
487 828 539 896 Sit
559 831 631 896 laus
654 831 886 916 protomartyri
908 827 1095 915 Stephano,
1119 830 1173 913 qui
1194 829 1325 912 spiritua
1436 869 1443 882 ·

486 934 591 1000 saneti
614 933 730 1017 plenus
753 933 861 1016 gratia
883 933 1030 999 veritatis
1052 931 1181 1000 inolitus

484 1035 639 1102 defensor
660 1037 803 1100 existere
826 1053 890 1100 non
914 1044 964 1102 est
986 1037 1123 1118 veritus,

587 1139 716 1205 domiue
736 1148 799 1205 eto.

484 1310 585 1377 Tuum
607 1319 882 1396 protomartyrem
904 1309 1120 1396 Stephanum,
1153 1313 1206 1396 qui
1229 1313 1356 1378 fortiter

483 1415 694 1500 triumphavit
715 1413 829 1496 hodie,
856 1414 1078 1480 collaudemus
1100 1417 1239 1501 pariter,

484 1535 680 1584 oonseorana
703 1518 875 1584 ecelesiam
897 1526 985 1583 tuam
1007 1518 1163 1603 digniter,

591 1619 718 1690 domine
742 1627 802 1688 eto

484 1792 712 1878 Protomartyr
733 1791 914 1876 Stephane,
944 1792 999 1875 qui
1020 1791 1147 1858 devotis
1170 1795 1322 1878 precihus

484 1896 628 1960 exorasti
650 1895 811 1960 dominum
833 1913 894 1979 pro
916 1901 949 1958 to
971 1895 1206 1979 lapidantibus,

483 1997 673 2063 assistentes
696 2005 836 2081 protege
859 1997 922 2061 tuis
945 1997 1107 2083 laudibus,

588 2101 715 2166 domine
738 2109 799 2166 eto.

483 2272 549 2337 Pro
571 2274 669 2337 heato
691 2269 861 2357 Stephano
882 2273 940 2339 tibi
962 2273 1198 2356 henedinimns,

483 2395 556 2457 rex,
579 2391 701 2440 corona
723 2383 920 2458 martyrum,
942 2375 1002 2441 tihi
1022 2385 1135 2458 grates
1157 2379 1296 2461 agimus,

481 2478 599 2544 imitari
620 2479 772 2562 petimus,
795 2476 854 2560 da,
878 2477 965 2560 quod
985 2480 1132 2563 colimus,

588 2580 716 2646 domine
739 2588 799 2645 eto.

364 2766 411 2821 ila
430 2781 465 2820 nu
482 2764 660 2836 Luxemburg
677 2763 730 2820 No.
740 2765 801 2833 108,
810 2763 837 2820 h.
855 2779 906 2820 aua
925 2764 986 2820 dem
1005 2766 1039 2817 12
1052 2765 1152 2819 Jahrh.
1171 2782 1227 2822 von
1246 2765 1335 2823 Guido
1351 2783 1409 2826 voa
1425 2771 1578 2830 Baaoohea.

275 2855 326 2909 Die
345 2853 553 2908 Kirnstliahlreit
579 2851 629 2907 dos
646 2851 746 2907 Liedea
775 2852 884 2906 heataht
914 2851 1013 2919 dario,
1045 2851 1112 2906 daea
1137 2852 1188 2906 der
1205 2853 1312 2911 Nomen
1330 2855 1380 2911 dee
1396 2857 1530 2931 heiligen
1547 2860 1577 2914 in

271 2941 356 3015 jeder
373 2939 497 3011 Stropha
521 2939 550 2993 in
569 2939 658 2994 einem
678 2939 767 2996 Casus
785 2938 944 2996 vorkommt
971 2937 1027 2993 und
1052 2954 1131 2993 avar
1159 2939 1189 2994 iu
1206 2940 1257 2996 der
1274 2957 1384 3013 genuen
1400 2943 1493 3017 rouo
1511 2962 1577 3002 vom

275 3029 437 3085 Nominatir
454 3028 498 3083 hia
516 3044 578 3083 num
595 3028 721 3083 Ablativ.
1373 3054 1379 3066 ·
1429 3030 1432 3036 ’

431 3347 540 3422 1161.
580 3348 726 3445 Tropus
752 3348 788 3419 in
815 3346 872 3419 die
894 3317 936 3420 b..
956 3347 1129 3446 Stephani
1155 3354 1430 3451 protomartyris.

276 3581 325 3645 lle
348 3576 507 3663 Stephani
954 3580 1060 3645 iraoto
1081 3589 1208 3687 natupae

277 3698 376 3747 roseo
398 3680 555 3763 sanguine
954 3683 1066 3747 iratris
1089 3684 1167 3749 obiit
1190 3682 1270 3748 anie.
1537 3688 1576 3747 15

277 3782 424 3866 martyrii

278 3894 418 3951 verna„
439 3886 605 3969 primiti&
955 3845 1061 3930 Culpa
1081 3866 1145 3912 non
1168 3853 1220 3910 eat
1241 3849 1301 3912 suh
1324 3848 1479 3931 ealigine,

955 3950 1075 4015 elamat
1096 3949 1231 4033 sanguis
1251 3950 1341 4015 fusus
1363 3949 1474 4033 hodio,

955 4073 1020 4120 uon
1043 4056 1185 4137 oelatur,

956 4157 1044 4241 quod
1064 4163 1278 4235 monstratur,

955 4260 1014 4324 ulli
1036 4260 1143 4326 dubim
1164 4260 1285 4341 oulpae3
1536 4266 1579 4329 20

956 4362 1169 4446 turpitudines

955 4466 990 4529 in
1013 4464 1083 4530 dies
1105 4474 1139 4530 et
1159 4466 1305 4533 vindioes

957 4567 999 4632 de
1027 4568 1159 4633 arimino

958 4669 1101 4736 alamani
1123 4672 1229 4739 anxie

278 4093 453 4159 illiminant
475 4092 620 4176 pristinae

279 4199 397 4263 nubem
420 4197 605 4280 soripturae,

279 4307 393 4384 patent
415 4298 531 4382 figura

278 4402 363 4485 legis
386 4403 551 4480 obseura,

278 4505 436 4571 irradiant
461 4506 592 4590 paginae

279 4608 353 4675 lune
374 4610 499 4692 gratiae.

279 4824 382 4891 Erant
405 4822 521 4890 iuturae
958 4770 1040 4839 Sim
1061 4773 1155 4839 filim
1537 4776 1579 4839 2⁵

280 4929 376 5012 signa
397 4948 574 5013 pressurae,
704 4900 707 4915 Ι
958 4938 1006 5023 „0
1029 4940 1175 5022 domine,

281 5031 368 5113 qnod
390 5031 478 5099 Abel
495 5034 572 5118 jure
925 5102 933 5113 ,
957 5042 1036 5108 sede
1058 5044 1092 5108 in
1112 5044 1267 5128 pulvere,
1296 5062 1359 5128 pro
1381 5040 1450 5108 filio
