3892 6025
640 1044 726 1160 653.
761 1087 820 1158 ne
846 1112 873 1157 s
899 1084 1069 1158 dohanne
1093 1083 1256 1182 baptista.

361 1318 490 1399 Gaude,
513 1326 545 1381 10
568 1318 755 1401 priusquam
777 1322 884 1379 natum
1034 1311 1160 1394 gaude,
1183 1331 1256 1376 nam
1280 1310 1322 1375 de
1345 1319 1377 1376 te
1400 1319 1552 1394 testatur,
1618 1313 1657 1375 10

359 1422 459 1486 fuisse
481 1420 745 1504 praenuntiatum,
1037 1412 1123 1495 quod
1144 1431 1208 1477 non
1233 1414 1339 1496 major
1362 1413 1483 1478 oriatur

402 1522 583 1602 Johauues,
607 1520 772 1601 divinitus,
1078 1518 1163 1581 inter
1184 1524 1277 1581 natos
1300 1516 1469 1581 hominum.

359 1622 482 1704 gaude,
506 1621 593 1704 quod
616 1630 651 1686 tu
672 1621 778 1704 major
799 1626 908 1693 vatum
1563 1669 1573 1697 ,

359 1723 412 1788 ἀεὶ
433 1726 536 1809 patris
559 1726 659 1789 gentis
678 1732 788 1789 „apum
962 1724 981 1783 5
1036 1704 1150 1769 Gaude
1171 1714 1296 1787 martyr
1318 1714 1351 1768 et
1373 1706 1519 1787 lucerna,

400 1828 511 1891 matris
534 1828 609 1891 alvo
631 1828 765 1909 positus,
1034 1807 1130 1871 ruodo
1153 1827 1296 1890 regnans
1317 1809 1350 1871 in
1371 1827 1512 1892 superna

778 1916 785 1939 l
1078 1908 1202 1974 eoelesti
1220 1908 1417 1990 hierarchia3
1616 1914 1655 1979 15

359 2015 488 2097 Gaude,
513 2016 587 2098 quia
610 2015 793 2099 baptizatur
1032 2014 1086 2077 fae
1106 2012 1161 2078 hie
1184 2014 1273 2078 vivat
1295 2023 1368 2078 tuus
1391 2033 1493 2077 verna

358 2140 378 2183 a
400 2127 433 2183 te
456 2118 603 2183 Christus
626 2126 660 2182 et
681 2124 878 2182 monstratur
1032 2119 1093 2199 sio,
1116 2125 1152 2180 ut
1173 2117 1237 2180 illie
1261 2116 1456 2200 sempiterna

321 2313 322 2320 ἵ
402 2221 590 2287 emendator
612 2222 792 2302 eriminum3
1075 2220 1259 2303 perfruatur
1281 2220 1397 2303 gloria.

382 2470 384 2475 ¹
444 2404 636 2460 Reielrenauer
653 2407 700 2460 lls.
720 2406 771 2460 No.
790 2407 833 2459 30.
852 2405 894 2459 Bl.
912 2408 974 2459 203.

445 2529 478 2582 V.
499 2530 540 2583 13.
566 2526 682 2581 lucerna
700 2526 737 2580 ist
754 2527 799 2580 010
818 2526 986 2597 Ausleguug
1012 2542 1068 2582 von
1086 2526 1151 2581 dola.
1170 2530 1195 2595 1,
1213 2529 1238 2579 l.
1258 2526 1286 2579 8.
1322 2525 1409 2580 Wird
1426 2524 1582 2580 manohmal
1598 2539 1656 2579 von

356 2615 499 2671 lohannes
518 2615 682 2687 gebraucht.
716 2614 766 2668 No.
785 2616 851 2682 052,
870 2614 911 2669 01.
938 2614 991 2669 No.
1010 2615 1076 2682 050,
1094 2617 1120 2668 ’1.
1155 2613 1171 2669 ὁ
1189 2611 1287 2681 λύχνος
1305 2612 1354 2668 τοῦ
1372 2610 1463 2684 φωτὸς
1481 2616 1654 2689 προέρχεται,

355 2699 373 2771 ἦ
392 2698 461 2774 αὐγὴ
481 2698 529 2757 τοῦ
544 2698 621 2772 ἡλίου
639 2700 686 2771 τῆς
705 2698 876 2770 δικαιοσύνης
892 2698 985 2771 μηνύει
1003 2699 1178 2770 apallaream
1204 2701 1266 2755 Jun.
1284 2702 1326 2753 20.

443 2824 496 2877 Ein
513 2822 581 2879 Lied
597 2820 650 2876 aus
665 2821 759 2876 diesen
778 2820 908 2893 lleiligeu
926 2822 954 2875 in
976 2822 1010 2876 10
1028 2822 1210 2893 vietaeiligen
1229 2823 1373 2893 Strophen
1397 2838 1454 2879 von
1473 2824 1580 2879 raom
1596 2837 1652 2878 voa

355 2911 470 2981 dempera
488 2908 563 2965 atalrt
580 2907 626 2963 hei
643 2908 715 2963 naar
733 2908 803 2963 0001
822 2909 915 2964 deust
933 2924 960 2979 p.
977 2909 1037 2962 208.
1056 2908 1112 2963 und
1129 2907 1215 2981 magt
1232 2926 1285 2965 an:

375 3069 381 3084 .
495 3001 589 3058 Gaude
608 3006 697 3058 mater
716 3000 837 3056 ecelesia
1118 3000 1152 3056 de
1172 3002 1358 3074 praecursoris
1377 3000 1478 3075 gloria

562 3371 649 3445 654.
683 3373 740 3442 De
767 3397 794 3442 s.
818 3371 987 3444 dohanne
1013 3369 1163 3470 baptista
1204 3374 1448 3469 (troparium).

355 3603 382 3662 1.
407 3597 569 3664 Summum
591 3618 777 3683 praeconem
800 3599 920 3664 Christi
1028 3603 1058 3664 3.
1081 3597 1151 3664 Sed
1173 3601 1227 3682 qui
1249 3601 1290 3666 de
1314 3603 1397 3667 eoelo
1420 3602 1535 3666 meruit

405 3701 623 3767 collaudamus
646 3702 727 3782 laeti,
1079 3703 1252 3787 nominari,
1275 3705 1385 3770 mundi
1406 3705 1517 3788 nequit
1610 3706 1649 3765 15

1079 3805 1242 3869 illeeebris
1264 3803 1367 3888 iufiei,

351 3891 381 3954 2.
404 3887 475 3966 000
497 3891 569 3974 ipsa
587 3893 709 3956 veritas

401 3999 604 4075 protestatur

403 4095 559 4178 majorem
584 4095 656 4159 lore
678 4096 835 4159 neminem
954 4098 973 4158 5

1081 3940 1238 4007 Innocens
1262 3942 1384 4024 degere

1079 4047 1134 4128 qui
1158 4065 1228 4112 eum
1252 4046 1434 4129 desiderat,

1076 4148 1158 4212 vitat
1179 4167 1291 4213 omues
1313 4148 1488 4213 execrandi

399 4230 437 4297 ln
455 4232 540 4295 natis
560 4233 762 4316 gignentum,
1077 4253 1231 4317 eonsortii
1254 4253 1360 4317 aditus
1606 4253 1648 4315 20

399 4343 523 4419 praeter
544 4356 641 4400 unum
714 4391 720 4401 .

400 4437 558 4529 παρθένῳ
582 4449 673 4506 00010
695 4443 845 4524 genitum.

403 4576 465 4640 llio
487 4584 589 4642 matre
613 4578 669 4644 diu
1207 4631 1214 4644 .
1268 4586 1281 4608 ⁰
1332 4632 1339 4647 .

395 4681 465 4764 jaun
488 4683 589 4746 sterili
613 4683 718 4748 editus
929 4683 969 4745 10
1074 4628 1233 4798 Ῑοοφοω
1255 4632 1400 4697 lnbnffls

1088 4753 1169 4799 uuus
1193 4734 1347 4800 edomans
1370 4755 1500 4802 earnem

397 4821 471 4884 N⁰¹¹
495 4822 598 4886 ³0l¹¹¹¹¹
621 4823 708 4905 Patri
1076 4838 1201 4922 spiritui
1223 4841 1414 4922 subegerat,
1603 4841 1644 4902 25

398 4935 485 4992 muto
509 4926 669 5009 eloquium
691 4925 814 5010 reddit,

399 5028 458 5093 sed
480 5029 624 5112 plurimis
647 5029 807 5113 gaudium.
1022 5031 1051 5092 0.
1076 5027 1356 5112 Severitatemque

1075 4387 1118 4454 Et
1140 4390 1228 4454 solus
1251 4390 1352 4455 solius

1022 4567 1035 4577 ,
1075 4491 1238 4556 inhaerens
1260 4493 1313 4557 dei
1335 4494 1458 4560 visibus
1489 4579 1496 4594 Ι
