3892 6025
677 1023 786 1098 1178.
817 1023 860 1094 ln
883 1019 992 1094 natali
1014 1018 1074 1092 xl
1097 1015 1243 1089 millium
1269 1016 1452 1114 virginum.

508 1233 543 1296 io
564 1229 732 1312 eonnpetto.
752 1223 933 1310 antiphona

411 1367 513 1434 Latis
532 1383 685 1433 oanamns
706 1365 841 1430 vooibua

412 1478 463 1537 tot
484 1469 629 1554 paradisi
646 1467 805 1555 floribus,

412 1573 610 1658 virginitatis
632 1574 733 1638 lilium

412 1695 495 1760 qnos
517 1695 611 1742 rosas
635 1674 713 1742 teuit
735 1680 927 1758 martyrum,

413 1797 546 1861 quarum
569 1796 669 1863 preoe
692 1776 750 1858 da,
774 1774 919 1856 domine,
1015 1777 1036 1838 5

413 1888 448 1946 nt
469 1881 551 1948 flore
573 1880 739 1965 pudicitior

413 2002 492 2051 oaro
514 1992 627 2049 nostra
650 1982 819 2064 refloreat,

322 2081 325 2086 ’
412 2106 454 2152 ne
472 2086 505 2152 in
528 2093 684 2152 arternum
706 2090 830 2169 pereat.

540 2277 763 2342 invitatorium.
789 2272 907 2356 antiph.

412 2408 552 2478 Auotori
573 2411 651 2475 vitra

413 2515 546 2600 psalmis
564 2511 737 2598 jubilando
759 2511 890 2594 venite,
996 2512 1038 2575 1⁰

414 2627 464 2686 ast
486 2619 562 2701 qnia
585 2617 726 2700 virginei

414 2722 495 2789 deus
516 2723 588 2808 ipse
611 2739 734 2788 eorona
755 2719 841 2787 fidei.

558 2916 592 2979 ta
613 2911 635 2978 1
653 2916 814 2978 nocturno.
836 2913 900 2976 unt.

414 3051 518 3118 Saeua
541 3050 698 3117 decursus
720 3048 883 3114 fluminum
912 3043 914 3047 ’

414 3156 504 3223 stetit
525 3156 589 3220 hoo
611 3173 745 3238 germen
768 3150 930 3235 virginum
942 3196 952 3233 ,
1027 3213 1031 3221 ,

415 3256 503 3342 qaod
525 3257 613 3323 nullo
636 3255 757 3322 aedona
780 3254 900 3343 turbini
998 3253 1038 3315 15

414 3362 531 3427 mansit
550 3362 584 3425 in
606 3361 681 3443 lege
704 3357 831 3423 domini.

435 3532 616 3616 uratiptoau.
653 3534 764 3597 rumor
784 3528 965 3613 departure
986 3535 1017 3595 et

576 3640 727 3721 persiano
748 3652 867 3702 eorum.

415 3771 494 3839 Flos
517 3771 607 3836 fulsit
629 3792 672 3836 ex
693 3770 875 3853 Britannia,
940 3808 945 3819 =

414 3874 533 3942 Ursulo
556 3876 657 3959 stirpe
680 3875 789 3958 regia,

415 3979 543 4045 auctrix
564 3979 689 4045 innotus
711 3977 867 4059 virginei,

414 4082 598 4168 praedicans
620 4091 821 4168 praereptum
845 4079 973 4145 domini.
997 4081 1039 4145 20

413 4242 484 4308 aa.
508 4239 663 4325 Signatur
686 4256 786 4322 snper
807 4236 867 4300 hat
890 4236 991 4321 digne

479 4344 536 4409 lux
556 4343 665 4407 vultus
687 4340 750 4423 tui,
773 4337 916 4421 domine,

480 4465 562 4528 quas
584 4453 741 4529 tyrannus
764 4443 959 4527 eollegerat,

480 4557 515 4614 ut
537 4568 598 4632 per
621 4554 670 4623 tot
691 4566 788 4613 unam
811 4547 946 4613 auferat

414 4703 451 4769 A.
473 4698 618 4767 Auribus
640 4702 790 4787 percepit
811 4702 908 4785 deus,
997 4704 1039 4767 25

481 4805 556 4871 duna
579 4807 697 4873 elamat
718 4828 802 4893 grex
824 4809 1006 4893 virgineus,

482 4915 516 4972 ot
538 4918 601 4973 tam
624 4908 774 4977 Ursulum
796 4912 957 4993 servavit,

482 5029 576 5094 quarn
598 5032 660 5097 per
683 5013 768 5080 hano
790 5013 863 5079 illas
885 5012 1026 5081 vocavit

1230 1218 1411 1303 ruptone.
1433 1218 1569 1284 cantion
1601 1270 1603 1275 .

1088 1361 1202 1434 ‚Oleum
1224 1365 1333 1425 exstat
1354 1355 1507 1436 effusum,

1088 1465 1235 1531 mirabile
1257 1480 1375 1528 noman
1395 1466 1499 1542 tuum,
1664 1454 1700 1516 3⁰

1089 1569 1165 1635 hino
1186 1575 1236 1634 tot
1257 1561 1514 1632 adoleaoentnlae

1090 1671 1274 1738 dilexerunt
1297 1661 1508 1748 te,'donrine.

1088 1849 1124 1918 Α.
1153 1848 1209 1917 Aa
1231 1848 1384 1916 nichilum
1406 1853 1457 1910 est
1481 1841 1636 1908 deduntur

1153 1953 1268 2034 harum
1290 1956 1472 2034 eonspeotn
1494 1944 1663 2027 malignus,

1156 2077 1229 2141 quas
1251 2073 1288 2120 se
1310 2055 1460 2120 teuernnt
1482 2049 1645 2117 uoluntas
1664 2041 1699 2105 35

1154 2169 1256 2228 easta
1278 2157 1321 2224 ad
1343 2158 1506 2222 fenestras
1529 2167 1604 2216 suas

1154 2263 1188 2327 in
1209 2260 1421 2326 foraminibus
1443 2262 1566 2341 petra,

1153 2367 1187 2431 in
1209 2380 1362 2430 oavernes
1383 2359 1536 2426 maoerie.

1125 2580 1378 2662 ammonae
1399 2577 1512 2658 pareto
1532 2575 1673 2655 osma
1757 2588 1758 2591 ¹

1089 2741 1195 2826 Virgo
1217 2740 1340 2824 regalis
1362 2735 1499 2821 Ursnla,

1089 2845 1181 2911 vultu
1201 2851 1237 2909 et
1256 2843 1364 2907 animo
1385 2841 1541 2925 pulchra,
1664 2827 1699 2890 4⁰

1089 2955 1230 3034 tyranno
1253 2945 1380 3026 anidani
1400 2944 1539 3029 plaonit,

1090 3049 1232 3134 quitata
1254 3054 1443 3132 praepotens
1465 3046 1542 3125 iuit3

1335 3226 1456 3275 ΜΜ.

1088 3350 1219 3414 mittens
1237 3363 1319 3429 ergo
1341 3352 1477 3429 nuptam
1498 3339 1625 3407 Christo

1089 3471 1149 3518 sno
1173 3454 1308 3536 potabat
1328 3449 1406 3513 filio.

1089 3642 1126 3708 R.
1154 3640 1298 3725 Tyranni
1320 3638 1413 3703 donis
1436 3656 1477 3703 ao
1499 3632 1591 3699 minis
1664 3616 1698 3679 4⁵

1152 3752 1248 3827 pater
1269 3743 1417 3827 pulsatus
1439 3736 1576 3821 virginis

1155 3846 1308 3931 precibus
1330 3844 1414 3927 sugit
1435 3840 1554 3908 intimis

1157 3947 1199 4015 ad
1221 3957 1342 4014 turrem
1365 3941 1577 4018 tortitudinis,

1095 4092 1128 4158 V.
1156 4090 1231 4155 bine
1253 4087 1425 4155 discrimen
1449 4075 1612 4149 eontesiae,

1152 4194 1228 4259 hino
1249 4193 1376 4277 lapsum
1398 4190 1514 4253 timens
1535 4178 1619 4244 fitia.

1464 4282 1625 4356 Precibus.

1091 4464 1127 4530 R.
1157 4458 1292 4526 Solatur
1312 4465 1440 4543 patrem
1460 4445 1593 4521 Ursulo,

1156 4564 1211 4630 dei
1232 4580 1370 4629 narrans
1392 4556 1540 4632 ornante,

1153 4668 1261 4753 jussa,
1284 4685 1326 4730 na
1348 4666 1475 4731 hostem
1500 4644 1652 4722 mutuat,

1157 4780 1192 4836 ut
1214 4789 1274 4855 spe
1297 4769 1482 4853 eonjugium
1504 4753 1616 4826 nutet,

1096 4910 1128 4977 V.
1158 4906 1357 4973 demandans
1380 4903 1471 4988 quasi
1493 4910 1552 4983 pro
1574 4883 1644 4948 dota
1660 4860 1694 4927 5⁵

1157 5014 1245 5081 huno
1262 5012 1350 5078 ablui
1361 5006 1562 5095 baptismate.
1585 4979 1693 5053 Ut'iffi·
