3892 6025
614 1278 1229 1376 Hmlmomatmmomm

870 1506 969 1517 ,ι--.

366 1632 452 1705 621.
489 1632 616 1709 Oratio
642 1636 687 1708 ad
716 1638 892 1715 domiuum
920 1658 955 1719 et
980 1648 1027 1719 sd
1051 1674 1173 1721 omues
1198 1662 1340 1723 sanctos
1366 1651 1453 1750 ejas.

272 1847 362 1931 heus,
382 1862 481 1936 pater
504 1856 719 1943 credentium,

273 1952 349 2017 salus
368 1956 401 2020 iu
423 1966 459 2021 te
482 1962 695 2046 sperantium,

273 2054 377 2121 eraudi
397 2078 519 2141 preces
543 2066 681 2147 servuli,

273 2174 341 2235 qaas
361 2158 466 2224 tundit
488 2163 589 2229 corde
611 2166 759 2250 suppiioi.

271 2319 323 2385 Fili
344 2322 394 2389 dei
416 2326 578 2411 piissime,

272 2422 406 2505 diguatus
428 2432 522 2494 nasci
545 2432 688 2517 virgine,

260 2514 374 2593 mium
396 2531 508 2597 cordis
531 2534 669 2603 hostiam

269 2632 357 2709 patris
378 2633 501 2700 sedeas
523 2638 566 2702 ad
589 2638 766 2709 dexteram.

268 2788 434 2862 Araborum
456 2809 571 2865 sauote
593 2805 743 2891 spiritus,

267 2892 380 2962 dextme
403 2898 460 2964 dei
482 2910 517 2967 tu
540 2902 678 2990 digitus,

266 3002 368 3066 mertis
390 3015 521 3071 secreta
545 3008 642 3075 visita

266 3111 372 3186 daque
393 3106 488 3192 reple
511 3113 626 3192 gratia

265 3261 405 3334 Perseais
427 3281 542 3337 sancta
565 3275 708 3361 trinitas,

266 3369 315 3430 sed
337 3370 457 3438 deitate
480 3377 603 3460 unitas,

266 3471 369 3538 adesto
390 3477 472 3541 meis
494 3482 662 3566 precibus,

266 3576 339 3638 votis
359 3579 475 3644 favens
497 3586 705 3669 supplicibus.

265 3731 351 3819 Auge
374 3739 485 3824 iidem,
509 3753 543 3808 tu
567 3747 712 3831 trinitas,

266 3855 345 3920 spem
366 3863 468 3928 auge,
493 3857 606 3914 sancta
624 3854 747 3935 unitas,

265 3951 295 4002 ut
313 3953 343 4007 te
364 3948 517 4032 colendo,
541 3950 659 4035 deitas,

265 4061 308 4106 me
328 4045 433 4114 firmet
455 4059 510 4116 tua
533 4057 660 4121 caritas.
835 4065 878 4129 20

264 4206 316 4282 Oui
338 4212 546 4282 deus-homo
570 4219 687 4287 diceris

264 4320 292 4374 et
309 4335 404 4384 verus
427 4321 523 4387 homo
547 4329 707 4410 nosceris,

263 4431 409 4489 memento
435 4429 500 4490 mei
521 4427 672 4514 hominis,

263 4535 324 4584 cum
340 4523 491 4608 judicare
513 4535 653 4598 veneris.

262 4673 387 4762 Iuhoc,
408 4690 495 4770 quod
516 4713 628 4759 manes
653 4698 773 4784 deitas,
833 4705 875 4767 25

262 4788 361 4852 reatus
384 4789 457 4858 dele
480 4799 641 4883 sarcinas,
817 4792 821 4802 ’

196 4947 197 4966 ,
262 4893 291 4947 ut
310 4887 385 4974 hoc,
410 4897 497 4978 quod
520 4920 557 4964 es
580 4903 779 4992 humanitas,

264 4985 366 5058 adme
388 4993 540 5066 deflectat
563 5006 679 5088 pietas.

298 5119 377 5182 Maur,
392 5127 477 5178 rateto.
492 5133 615 5192 lismaco.
634 5140 677 5186 111.

937 1872 1086 1955 Regnum
1105 1872 1224 1956 jurasti
1246 1872 1410 1957 patribus,

937 1977 1113 2061 promisisti
1134 1971 1345 2060 sequacibus,
1519 1974 1563 2039 3⁰

937 2088 971 2144 ut
994 2088 1144 2145 servetur
1165 2080 1355 2163 promissio,

935 2202 1072 2264 reguum
1094 2182 1239 2247 concede
1261 2181 1390 2245 famulo.

936 2344 1105 2411 concedat
1127 2353 1183 2410 tua
1204 2345 1329 2427 pietas,

935 2466 1010 2531 qum
1032 2446 1181 2530 deposcit
1203 2445 1381 2527 humilitas,

934 2559 970 2615 ut
990 2550 1079 2633 quod
1100 2551 1249 2632 promisit
1269 2551 1406 2631 caritas,
1515 2548 1560 2611 ³5

934 2660 1127 2735 assequatur
1149 2652 1324 2716 hereditas.

933 2814 1055 2897 Maria,
1078 2815 1174 2897 virgo
1196 2814 1374 2897 virgiuum,

932 2918 1166 3003 redemptionis
1189 2919 1323 2996 ostiam,

933 3033 1031 3108 porta
1052 3025 1165 3090 salutis
1186 3025 1332 3107 integra,

931 3127 1034 3212 lapsis
1058 3129 1219 3194 cervicem
1241 3127 1363 3192 releva.

932 3291 1062 3355 Petenti
1082 3285 1210 3354 manum
1231 3290 1382 3372 porrigo,

932 3393 1050 3476 quietis
1072 3410 1167 3475 opem
1187 3392 1293 3456 tribuo

932 3505 965 3560 et
987 3517 1047 3580 per
1069 3502 1157 3560 tuam
1180 3495 1332 3559 auxilium

861 3633 864 3638 ·
889 3593 892 3600 '
930 3598 1066 3683 placare
1090 3617 1168 3663 cara
1190 3597 1298 3662 tilium.

932 3761 1059 3845 Regina
1080 3762 1170 3844 coli,
1194 3761 1341 3843 domina,
1515 3761 1558 3822 45

932 3873 1035 3928 mater
1058 3863 1112 3926 dei
1134 3863 1328 3944 castissima,

932 3973 967 4031 ut
988 3984 1101 4028 manus
1124 3972 1260 4049 praestet
1282 3963 1355 4046 filii,

932 4067 1020 4150 quod
1042 4085 1158 4132 servus
1178 4067 1302 4151 poscit,
1324 4065 1469 4130 subveni.

932 4231 979 4294 Tu
1002 4231 1145 4294 Michael
1168 4229 1384 4312 archangelo,

931 4332 1007 4397 coeii
1028 4333 1181 4414 princeps
1203 4331 1343 4412 militiae,
1514 4328 1557 4391 50

931 4451 991 4498 ora
1013 4433 1165 4498 draconis
1187 4440 1341 4513 concute,

930 4557 972 4602 ue
995 4544 1134 4602 noceant
1156 4538 1187 4600 iu
1210 4535 1354 4600 vulnero.

929 4702 1097 4786 Interpres
1117 4695 1326 4765 dei'Gabriel

929 4815 962 4871 ot
985 4805 1144 4870 medicina
1166 4803 1318 4888 Raphael

930 4927 1003 4974 oum
1025 4908 1192 4973 cherubim
1215 4916 1250 4972 et
1270 4906 1450 4990 seraphim,
1513 4901 1556 4963 55

929 5011 1034 5077 hostis
1057 5019 1173 5077 necate
1195 5012 1355 5077 haeresim.
1494 5064 1498 5076 .

1301 5120 1320 5180 1
