3892 6025
283 825 415 911 Sponsa
435 831 525 913 regis
544 830 693 912 aetherei,

282 929 426 994 existens
450 932 567 998 cultrix
590 931 727 1013 domini,
867 933 906 996 10

280 1049 352 1096 cnm
374 1030 448 1114 ipso
471 1040 546 1117 post
568 1033 744 1098 aethereum

279 1141 406 1216 martyr
428 1133 530 1199 adivit
552 1135 734 1200 thalamum.

279 1321 364 1389 Arte
387 1341 483 1389 sacra
504 1324 687 1408 virgineum

278 1426 376 1509 virgo
399 1444 522 1510 cogens
545 1429 723 1492 exercitum

279 1529 440 1595 adversus
462 1531 564 1594 minas
587 1531 699 1610 saecnli

278 1635 377 1698 armis
400 1635 552 1699 instruxit
574 1633 659 1698 fidei.

276 1824 381 1891 Fictis
404 1826 555 1891 insistunt
577 1827 716 1907 lusibus,

275 1928 410 1992 marinis
433 1928 522 2011 ingan
543 1927 712 2013 fluetibus,
830 1963 834 1970 ·

276 2031 430 2097 labuntur
451 2031 531 2116 luga
553 2032 661 2097 subito

276 2135 358 2200 ilatu
379 2136 493 2218 potitae
515 2153 686 2220 prospero,
809 2211 813 2218 .

277 2327 440 2394 Orationis
464 2331 572 2413 gratia

277 2432 435 2500 Gerasma
457 2433 540 2499 duce
563 2433 690 2517 praevia
748 2495 750 2500 .

1518 659 1585 724 ddi

959 831 1094 899 Romam
1116 843 1267 919 petentes
1289 839 1445 924 plurimos

960 947 1125 1002 assumunt
1148 937 1202 1004 dei
1223 940 1369 1006 famulos.

959 1125 1103 1192 Tandem
1125 1147 1187 1214 pro
1209 1131 1331 1198 Christi
1355 1135 1484 1202 nomine
1540 1140 1582 1202 25

958 1231 1065 1295 cuncti
1087 1233 1179 1297 simul
1203 1232 1349 1300 Goloniae

957 1328 1124 1396 Hunorum
1148 1352 1246 1399 caesae
1268 1336 1387 1418 gladiis

956 1435 1106 1501 fruuntur
1128 1439 1202 1503 coeli
1224 1440 1360 1522 gaudiis.

955 1623 1089 1691 Exultat
1111 1647 1196 1693 nuno
1218 1631 1359 1696 ecclesia
1407 1629 1416 1645 '

955 1732 1004 1791 tot
1026 1735 1203 1810 martyrum
1226 1729 1381 1814 victoria,
1539 1734 1581 1798 30

956 1848 1091 1910 quarum
1109 1830 1221 1914 juvari
1243 1835 1366 1899 meritis

956 1932 1043 1995 votis
1065 1952 1237 2014 precamur
1259 1935 1389 2000 sedulis.

956 2118 1068 2186 Gloria
1090 2122 1145 2186 nni
1168 2121 1298 2186 domino

954 2225 1058 2309 patri,
1083 2234 1174 2308 nato,
1197 2227 1373 2310 paraclito,

955 2327 1077 2410 honor,
1101 2328 1217 2414 decus,
1238 2332 1407 2415 imperinm
1537 2336 1579 2398 35

955 2450 1041 2496 nnnc
1063 2440 1097 2496 et
1118 2454 1180 2516 per
1201 2451 1296 2499 omno
1319 2437 1481 2500 seculum.

365 2616 412 2672 lle.
436 2614 485 2671 des
510 2617 544 2670 rt
561 2615 666 2672 ¹Jalnrlt.
692 2630 727 2668 nn
743 2613 921 2670 Hehtentlral
947 2614 994 2669 bei
1018 2615 1122 2672 Buden.
1164 2619 1266 2675 Daniel
1290 2621 1418 2676 bernerkt
1444 2621 1498 2678 den
1523 2623 1581 2679 An·

276 2700 348 2776 lang
370 2707 395 2774 1,
412 2705 473 2758 296.

364 2831 399 2882 27
418 2828 485 2884 eaesi
503 2826 609 2900 gladio,
627 2827 675 2882 lle.
711 2827 745 2882 31
765 2840 897 2895 qnorum,
916 2824 963 2882 lia

519 3146 523 3155 ⁴
623 3172 731 3247 1187.
769 3173 827 3245 De
854 3172 912 3245 XI
938 3172 1022 3245 mill.
1051 3176 1235 3275 virginum.

274 3417 303 3483 0
325 3418 478 3481 rubentes
501 3414 575 3481 coeli
597 3432 702 3496 rosae,

275 3518 449 3603 speciosae,
472 3534 662 3599 generosa,

319 3622 448 3688 undena
470 3621 585 3687 llnrmn
608 3620 722 3703 millia,
803 3663 806 3672 v

275 3745 296 3791 o
319 3734 454 3793 caterva
476 3724 658 3809 virginalis,

276 3848 349 3912 quae
371 3831 432 3894 snb
457 3828 568 3912 sponsi
590 3826 725 3911 grandis
748 3826 809 3891 alis
880 3826 899 3889 ὃ

319 3930 462 3997 candore
484 3932 586 3997 vincis
608 3931 689 3995 lilia!

273 4120 344 4187 Vos
366 4120 498 4186 vocavit
520 4129 553 4185 et
576 4113 697 4186 amavit

274 4243 424 4310 sponsus,
448 4226 503 4308 qui
525 4244 585 4309 per
607 4243 668 4289 vos
691 4224 871 4308 prostravit

318 4328 444 4393 hostem
466 4327 645 4412 pudicitia,

274 4450 394 4497 novum
415 4432 516 4497 melos
540 4450 639 4517 super
661 4433 763 4499 ooelos
859 4433 898 4499 to

274 4535 478 4601 modulantes
501 4543 534 4601 et
556 4545 729 4619 sequentes

319 4659 438 4722 agnum
461 4640 662 4706 innocentiae.

275 4826 356 4893 (lum
376 4828 482 4893 Maria
504 4836 607 4895 matre
627 4830 683 4914 pia

274 4930 499 5014 hymnizantes
522 4931 678 5015 melodid‚

317 5033 413 5099 linem
437 5037 551 5102 dantes
574 5038 689 5119 luctui,
859 5038 898 5099 15

953 3434 1030 3497 vos,
1053 3419 1173 3499 beatae,
1195 3436 1281 3482 nnnc
1302 3435 1452 3498 oramus,

954 3540 1073 3607 preces
1096 3521 1185 3605 date,
1209 3522 1441 3606 supplicamus,

998 3624 1169 3691 benedicto
1191 3626 1327 3708 fructui,

953 3814 997 3882 Ut
1019 3816 1163 3900 peccatis
1187 3815 1351 3880 emundati

953 3937 993 3984 ac
1016 3919 1134 3983 virtute
1158 3917 1304 3984 decorati
1536 3920 1579 3985 20

998 4020 1039 4085 de
1061 4020 1171 4085 mnndi
1195 4020 1367 4104 naufragio

952 4124 1129 4189 liberemur
1151 4131 1185 4189 et
1206 4144 1226 4188 a
1249 4124 1320 4188 dira

953 4227 1117 4293 savientia
1140 4228 1242 4291 hostis
1264 4228 1315 4290 ira

995 4335 1107 4393 vestro
1130 4347 1203 4393 cum
1225 4328 1361 4411 auxilio,

952 4516 1011 4599 Ut,
1035 4536 1106 4583 cum
1128 4518 1227 4581 instat
1249 4517 1360 4595 mortis
1383 4515 1482 4600 hora,
1534 4518 1575 4580 25

952 4622 1081 4686 liberati
1103 4622 1173 4686 sine
1195 4638 1287 4685 mora
1330 4631 1335 4640 '

995 4724 1151 4789 daemonis
1172 4726 1215 4789 ab
1237 4724 1358 4807 impetn

951 4829 1082 4894 morin
1105 4826 1205 4892 coelos
1228 4825 1458 4909 ascendamus,

952 4941 986 4998 et
1007 4932 1175 4998 vobiscum
1198 4931 1399 5015 gaudeamus

997 5036 1108 5120 sponsi
1132 5035 1173 5101 de
1195 5035 1319 5100 intuitu.
1533 5032 1575 5097 30
