3892 6025
383 640 448 719 160

447 822 644 911 Angelicam
1127 829 1261 897 vincere
1284 831 1339 911 qui
1360 832 1445 898 solet

450 928 505 994 hic
525 930 625 994 vitam
650 928 789 994 (luxerat
1127 939 1315 1015 tentantum,
1331 936 1359 997 si
1372 953 1437 999 non
1450 946 1620 1021 repugnet
1642 941 1691 1006 40

448 1033 481 1098 io
506 1052 621 1115 carne,
644 1032 719 1097 dum
1059 1057 1066 1073 ι

448 1144 573 1219 praeter
595 1156 726 1203 carnem
747 1136 883 1202 vixerat.
1062 1128 1093 1189 7·
1125 1121 1226 1201 Quem
1248 1126 1321 1191 ¹¹2⁰
1341 1128 1437 1210 Vi¹8⁰

1125 1228 1282 1294 resistens
1305 1250 1325 1294 a
1347 1249 1383 1296 se
1404 1232 1483 1297 iecit
1504 1232 1635 1317 ingere,

385 1326 415 1388 5.
445 1322 517 1389 Hoc
539 1326 672 1390 miratur
968 1324 1010 1386 25

449 1446 586 1511 serpens
609 1428 775 1511 antiquus,

451 1537 638 1601 calcaneum

450 1641 520 1703 eius
543 1641 741 1704 observabat
764 1636 918 1719 callidus3
1064 1661 1095 1724 g,
1126 1658 1209 1723 Nam
1223 1660 1308 1724 inte,
1322 1660 1467 1743 virgines
1482 1659 1624 1725 adducta
1647 1661 1693 1723 45

451 1774 544 1854 ouon
566 1795 686 1841 nocere
1129 1771 1206 1847 post
1227 1783 1313 1843 eam,
1342 1782 1415 1845 quae
1440 1771 1545 1848 mater
1567 1771 1618 1828 est
1639 1764 1694 1828 in·

451 1879 526 1945 dum
545 1880 760 1961 machinatur,
969 1878 1012 1941 ³0
1427 1873 1532 1949 mota,

452 1984 511 2046 snb
534 1982 672 2064 pedibus
1129 1970 1291 2055 virginum
1311 1972 1449 2055 virginis
1469 1970 1586 2036 Mariae

450 2084 578 2149 leminae
601 2092 699 2169 caput
721 2083 792 2167 ejus
817 2083 941 2147 teritur.
1132 2076 1233 2159 (ligna
1254 2084 1305 2140 est
1325 2076 1523 2160 pedissequa
1532 2096 1550 2157 ;.

1128 1365 1199 1444 Quo
1222 1369 1334 1452 fugato

1129 1472 1404 1555 appropinquavit
1436 1474 1497 1538 sibi
1532 1473 1692 1540 dominus.

1133 2214 1180 2277 'le
1204 2233 1322 2296 agnum
1345 2215 1414 2279 sine
1435 2216 1564 2281 macula

1130 2318 1200 2403 jam
1220 2320 1366 2400 sequitur
1388 2318 1473 2385 stola
1487 2318 1636 2404 candida,
1650 2322 1696 2384 50

1132 2421 1232 2486 filium
1255 2422 1405 2504 virginis,

1134 2542 1336 2607 quocumque
1354 2524 1515 2606 virginum
1531 2522 1591 2589 tlos
1605 2524 1696 2588 ieris.

386 2276 416 2338 6.
449 2272 586 2339 Insidias
606 2273 710 2338 hostis

452 2376 552 2459 hano,
576 2375 722 2458 Christe,
746 2376 888 2441 docuisti

451 2480 611 2563 virginem
634 2480 767 2545 vincere
972 2479 1013 2543 35

451 2584 485 2647 in
508 2584 612 2667 prima
636 2584 887 2668 congressione,

452 2719 535 2785 Dum
556 2738 622 2786 non
644 2723 859 2803 consentiret,
1069 2719 1100 2781 9.
1132 2713 1234 2799 Cujus
1256 2714 1489 2780 intercessione

454 2824 515 2888 sed
536 2825 582 2888 illi
604 2826 791 2907 resisteret,
1133 2828 1169 2885 tn
1190 2837 1251 2884 nos
1272 2826 1374 2885 tuere.

474 3008 521 3066 lls.
539 3025 573 3064 aa
594 3007 747 3081 stuttgart,
765 3008 836 3065 Bibl
850 3007 904 3064 No.
922 3008 965 3064 20.
983 3004 1004 3064 f.
1023 3008 1067 3063 ⁷6.
1085 3007 1136 3063 des
1156 3009 1191 3062 13
1207 3006 1307 3063 Jahrb.
1334 3008 1401 3078 (Α).
1435 3005 1484 3062 lla.
1501 3022 1537 3061 zu
1554 3004 1696 3063 llinchen

388 3095 457 3155 clm.
475 3098 571 3152 14845.
590 3095 610 3152 f.
628 3099 654 3151 3.
674 3097 724 3152 des
743 3100 777 3151 12
794 3096 894 3152 Jalrrh.
913 3097 976 3166 (Β)
1012 3097 1063 3152 Bei
1079 3095 1179 3152 Daniel
1196 3099 1223 3165 2,
1241 3097 1277 3152 48
1294 3095 1359 3164 (G).

475 3218 577 3274 Abcl
606 3219 663 3274 and
681 3222 699 3274 2
726 3219 789 3274 siud
813 3218 887 3274 iuA
914 3219 1064 3291 vereinigt
1118 3217 1258 3290 tigratia
1280 3218 1337 3275 AG.
1387 3219 1425 3271 12
1444 3216 1520 3271 edita
1535 3213 1556 3270 f.
1573 3231 1642 3271 mer.
1661 3217 1696 3273 0.

387 3307 423 3361 23
441 3307 514 3361 nach
532 3321 616 3361 carna
634 3307 685 3363 hat
702 3308 728 3362 Α
748 3307 830 3361 einen
844 3306 944 3377 Pnnlrt,
963 3306 1014 3362 der
1027 3308 1096 3363 abar
1109 3305 1191 3361 keine
1205 3305 1355 3361 metrisclre
1371 3303 1552 3375 Abtheilung,
1569 3305 1698 3360 sordem

388 3393 450 3450 sino
475 3393 653 3464 spraclrliche
677 3394 798 3466 anzeigt.
846 3396 883 3450 29
907 3397 939 3449 nt
956 3400 1074 3450 noceret
1090 3395 1131 3464 B,
1159 3394 1205 3449 die
1222 3392 1344 3465 richtige
1364 3392 1466 3447 lesart
1483 3391 1593 3447 reheint
1610 3390 1697 3445 abst:

389 3481 435 3536 cni
452 3497 563 3537 nocere.
616 3484 652 3537 35
676 3482 750 3554 virg.
779 3479 854 3537 fehlt
880 3482 919 3550 0,
951 3497 1045 3554 gagen
1072 3481 1123 3536 das
1147 3481 1373 3553 Strophenmass.
1426 3481 1463 3534 to
1489 3483 1612 3535 tentatus
1637 3477 1697 3535 Bc.

387 3571 423 3624 43
442 3568 463 3625 (l
481 3569 532 3625 liat
549 3568 650 3622 laeinen
667 3569 782 3624 Absatn.
818 3570 854 3623 44
872 3569 1118 3640 appropinquabat
1135 3569 1187 3625 tibi
1204 3569 1313 3625 domine
1338 3569 1373 3636 C,
1405 3565 1697 3639 appropinquabitis

388 3657 446 3713 llas
460 3657 550 3713 Wort
567 3656 687 3712 adducta
704 3655 734 3711 in
747 3659 782 3711 45
796 3655 973 3712 entsolraidot
989 3653 1038 3713 fur
1052 3657 1098 3713 die
1111 3657 1214 3713 Lesart
1226 3673 1283 3712 von
1297 3657 1329 3726 B,
1347 3655 1392 3710 die
1411 3656 1457 3710 iola
1471 3651 1697 3726 ausgenommen.

388 3747 423 3800 45
449 3760 514 3800 nam
539 3744 588 3800 int
614 3745 645 3802 0.
699 3745 735 3798 tt
763 3760 827 3814 quae
854 3747 899 3799 est
920 3749 988 3800 mat
1014 3745 1048 3802 A„
1096 3745 1133 3800 48
1155 3761 1187 3799 es
1204 3745 1236 3800 B.
1283 3745 1319 3798 49
1336 3759 1427 3817 agnas
1444 3744 1476 3799 B.
1526 3741 1646 3799 scierit
1663 3744 1697 3801 l'a

389 3836 424 3890 53
443 3835 528 3908 hujus
546 3835 576 3892 O.
613 3836 648 3888 54
666 3838 697 3889 ta
717 3831 790 3888 fehlt
807 3832 836 3889 0.

477 3955 530 4010 liin
547 3955 613 4010 Liad
632 3953 685 4011 aas
698 3954 743 4010 die
761 3955 788 4010 lr.
806 3953 985 4028 Jungl’raueu
1003 3951 1084 4012 stelit
1097 3957 1169 4012 auch
1188 3956 1226 4011 im
1245 3956 1367 4011 Triodion
1384 3955 1420 4024 Z,
1437 3955 1464 4008 4.

842 4282 928 4358 753.
962 4283 1022 4355 De
1047 4278 1255 4381 virginibus.

390 4507 486 4592 Jesu,
508 4530 569 4575 rex
593 4505 681 4596 ἅγιε,
1068 4510 1134 4578 Per
1157 4530 1230 4594 quae
1252 4509 1459 4593 subpeditant

392 4619 490 4675 terrae
512 4613 645 4696 polique
1071 4621 1169 4695 atque
1187 4611 1384 4696 triumphant

394 4714 513 4780 virtute
534 4717 682 4782 recolunt
1071 4717 1223 4781 mnndum
1246 4735 1316 4782 oum
1338 4716 1425 4780 vitiis

394 4837 435 4882 ac
456 4817 666 4901 benedicunt,
1068 4822 1135 4885 tela
1158 4821 1213 4885 vel
1235 4819 1351 4904 hostis,

394 4923 450 5003 qui
472 4920 531 4986 das
554 4922 709 5006 virgineis
997 4927 1016 4987 5
1069 4923 1150 4989 Evae
1174 4942 1234 5009 pro
1257 4926 1372 4989 merito

394 5043 484 5089 arma
506 5027 664 5111 catervis,
1069 5029 1214 5094 membra
1238 5027 1408 5094 domando.
