3892 6025
383 695 406 757 2
474 776 478 789 .

382 880 545 949 coelornrn
569 868 843 965 omnis'spiritus‚

381 1004 499 1051 novem
522 985 617 1051 divisi
640 986 811 1068 gradibus,

381 1086 435 1152 dei
455 1095 638 1171 praesentes
661 1087 818 1167 vultibus,

381 1191 462 1255 meis
484 1192 593 1255 favete
616 1191 760 1256 vocibus.

383 1367 490 1433 Senes
512 1371 627 1451 viginti
653 1376 805 1452 quatuor,

334 1506 336 1509 ·
381 1470 455 1537 haec
478 1472 603 1554 offerte,
628 1491 701 1554 quae
724 1470 899 1555 deprecor,

381 1574 437 1657 qui
463 1573 595 1638 citharis
617 1581 651 1637 et
673 1574 790 1658 phialis

382 1677 546 1741 orationes
569 1674 709 1739 funditis.

380 1854 643 1923 Patriarcharum
666 1857 823 1941 dignitas,

380 1958 615 2041 prophetarum
637 1961 828 2037 sublimitas,
889 2028 893 2033 ,

380 2059 483 2122 vestri
505 2061 594 2143 regis
617 2062 803 2143 praesentiae

381 2168 485 2231 verba
507 2169 671 2249 precantis
694 2168 819 2232 solvite.

379 2342 548 2410 lohannes
573 2346 692 2414 Christi
714 2350 874 2432 praevius,

382 2446 525 2531 baptista
547 2452 637 2535 regis
660 2453 800 2535 inclytus
807 2500 815 2533 ,

380 2549 513 2634 festina,
536 2574 578 2619 ne
601 2555 798 2638 tardaveris,

380 2654 488 2719 lahem
510 2648 624 2721 secare
648 2660 801 2722 vulneris.

380 2834 480 2913 Quem
502 2839 613 2903 matris
638 2841 764 2906 clausus
786 2848 880 2906 utero

378 2946 469 3004 motu
490 2942 603 3024 prodis
626 2958 803 3034 corporeo,

379 3061 475 3126 quem
498 3044 725 3110 demonstrasti
748 3045 867 3130 digito,

377 3143 433 3210 fac
454 3146 628 3210 subvenire
650 3147 776 3212 misero.

380 3324 531 3391 Coelestis
554 3329 647 3411 regni
670 3330 832 3413 claviger,

380 3428 603 3512 apostolorum
626 3431 779 3513 signifer,

379 3529 496 3612 Petro,
518 3533 641 3614 primus
664 3535 697 3598 in
720 3535 851 3617 ordine,

376 3631 586 3716 fragilitatem
610 3638 730 3721 aspice.

304 3813 306 3819 ’
377 3812 444 3878 Per
462 3822 494 3877 te
516 3834 607 3878 mens
629 3822 685 3880 tna
702 3815 830 3898 videat,

378 3915 455 4000 qnid
479 3933 551 3980 sors
574 3917 713 3984 hnmana
734 3921 858 4002 valeat,

375 4027 411 4084 et
432 4019 507 4086 dum
529 4021 575 4085 tui
596 4024 793 4106 memineris,

377 4131 537 4214 memento
563 4123 659 4188 casds
682 4123 827 4189 hominis.

377 4283 424 4350 Te
442 4293 598 4368 poscente
621 4285 824 4350 clementiam

375 4385 531 4452 extendat
553 4387 629 4450 mihi
652 4387 837 4470 dexterum,

377 4489 432 4572 qui
453 4495 486 4552 te
510 4487 678 4570 suspendit
699 4487 845 4572 flumine,

376 4591 452 4658 dum
474 4591 532 4656 tibi
554 4590 648 4655 dixit:
674 4589 856 4674 ,modice“!

374 4751 477 4820 Solve
500 4754 610 4820 reatus
633 4757 762 4823 vincula

373 4859 417 4923 ah
441 4857 505 4922 hoc
527 4857 603 4923 datu
625 4861 788 4945 putentid,

375 4980 470 5044 quem
492 4967 627 5030 verbnm
650 4963 703 5030 dei
724 4967 886 5050 nominas,

375 5082 396 5128 a
419 5083 482 5149 quo
504 5068 634 5134 vocaris
657 5075 690 5132 et
713 5065 852 5152 Cophos.

1060 878 1177 961 Paule,
1200 888 1234 944 tu
1257 877 1373 945 doctor
1395 882 1538 962 gentium

1061 988 1094 1044 et
1116 979 1236 1044 Christi
1258 982 1492 1063 testimouium,

1060 1084 1114 1166 qui
1139 1084 1197 1147 toti
1220 1084 1339 1149 mundo
1361 1085 1537 1170 praedicas,

1059 1205 1154 1271 opem
1177 1188 1327 1252 conferre
1350 1188 1491 1255 studeas.

1059 1367 1242 1449 Johannes,
1262 1367 1314 1432 dei
1337 1369 1460 1451 gratia,

1059 1471 1185 1536 subtilis
1208 1471 1300 1535 velut
1321 1471 1448 1553 aquila,

1059 1573 1131 1655 ipso
1153 1592 1204 1635 me
1226 1572 1315 1636 fonte
1338 1573 1436 1655 satia,

1059 1674 1151 1758 cujus
1174 1676 1295 1758 potasti
1316 1674 1455 1739 tlnmina.
1621 1678 1678 1741 tot

1059 1853 1120 1930 Qui
1142 1854 1200 1917 tibi
1223 1862 1356 1917 matrem
1380 1854 1485 1918 sociat

1059 1964 1093 2021 et
1115 1957 1189 2021 eoeli
1211 1957 1323 2022 clausa
1344 1966 1487 2038 roserat,

1057 2079 1141 2123 meae
1163 2067 1279 2143 parcat
1296 2061 1449 2141 miseriae,

1058 2164 1105 2228 tui
1126 2165 1280 2247 precatus
1302 2184 1444 2229 munere.

1057 2344 1292 2428 Apostolorum
1315 2346 1434 2427 ceteri,

1059 2448 1272 2531 evangelistae
1295 2448 1366 2531 alii,

1059 2549 1288 2634 discipulorum
1311 2551 1456 2634 agmina,

1058 2654 1131 2719 haec
1145 2654 1262 2738 juvate
1284 2655 1479 2737 precamina.

1057 2835 1127 2901 Vos
1149 2837 1338 2899 innocentes
1356 2835 1463 2919 pueri,

1058 2940 1113 3024 qni
1134 2958 1196 3024 pro
1214 2938 1343 3003 Christo
1367 2939 1573 3022 truncamini,
1619 2941 1682 3004 110

1057 3053 1170 3109 vestra
1191 3044 1267 3108 date
1290 3043 1450 3126 subsidia,

1058 3149 1113 3232 qni
1136 3147 1296 3212 clamatis:
1322 3164 1402 3230 ,nos
1424 3143 1597 3213 vindica!“

962 3397 963 3402 γ
1058 3327 1085 3392 0
1107 3293 1329 3412 protomartyr
1347 3326 1530 3413 Stephane,

1059 3440 1094 3496 tn
1115 3434 1238 3517 primns
1259 3434 1292 3496 in
1315 3434 1508 3514 certamine,

1057 3537 1165 3601 haeres
1188 3539 1309 3603 sacrati
1330 3537 1481 3619 nominis,
1618 3535 1683 3597 115

1058 3635 1173 3703 adesto
1196 3639 1375 3704 desideriis.

1056 3816 1164 3902 Caput
1187 3817 1291 3882 nudas
1312 3814 1492 3898 lapidibus,

1056 3920 1132 3984 coeli
1154 3925 1245 4000 patet
1266 3916 1432 3997 introitus,

1055 4020 1169 4086 desum
1192 4027 1330 4083 stantem
1352 4018 1559 4104 consideras,

1055 4141 1191 4188 securus
1213 4122 1325 4186 hostes
1348 4123 1486 4205 toleras,
1619 4127 1684 4189 120

1055 4284 1164 4351 Crasti
1185 4287 1279 4351 hexis
1300 4288 1439 4369 genibus

1054 4407 1116 4473 pro
1138 4390 1273 4456 inimicis
1294 4409 1448 4474 cernuus,

1054 4509 1117 4578 pro
1139 4495 1342 4579 supplicante
1365 4497 1497 4560 servulo

1055 4595 1238 4678 intercede,
1261 4605 1294 4661 te
1315 4598 1456 4681 postulo.

1055 4757 1105 4824 Tu
1126 4767 1251 4841 martyr
1272 4759 1497 4842 invictissime,
1614 4761 1686 4842 125

1056 4861 1202 4945 Albaue,
1223 4863 1275 4925 vir
1291 4862 1471 4941 mitissime,

1053 4969 1128 5053 pins
1151 4967 1266 5033 adesto
1289 4969 1421 5032 servulo

1054 5082 1088 5138 te
1111 5072 1301 5157 deprecanti
1324 5069 1447 5137 sedulo.
