3892 6025
289 818 369 874 Blasi
385 817 500 890 presul,
518 817 619 873 virm
636 817 794 888 purissima,
970 821 1048 893 regis
1066 823 1172 880 erinon
1189 825 1290 902 Karoli
1307 827 1439 896 recitans,
1467 891 1471 900 ⁵

290 905 393 978 pingas
411 921 515 963 carons
534 904 808 974 messuimus,
966 906 1124 978 impetrata,
1142 924 1205 980 qua
1224 926 1295 966 nunc
1313 903 1375 966 snnr'
1392 910 1532 986 flagitans,

290 1009 309 1048 o
324 992 429 1064 Aegidi
447 1007 510 1048 eum
526 989 597 1048 feris
615 991 761 1063 habitans,
967 993 1043 1066 apud
1061 995 1150 1066 deum,
1169 996 1277 1053 nerim
1295 998 1467 1069 periclitans

605 1278 694 1352 887.
727 1275 921 1376 Sequentia
948 1277 994 1350 de
1018 1304 1045 1350 s.
1073 1279 1257 1354 Disibodo.

392 1477 419 1542 0
441 1469 564 1563 praesul
578 1496 668 1544 verae
683 1479 838 1562 civitatis,
868 1479 923 1564 qni
944 1479 978 1546 in
1002 1481 1121 1565 templo
1145 1463 1310 1572 angularis
1332 1484 1451 1571 lapidis
1475 1505 1589 1554 ascen-

288 1581 371 1646 dens
394 1582 426 1645 in
449 1582 565 1648 ooelnnr
587 1582 620 1645 in
643 1589 733 1646 terra
755 1588 939 1667 prostratus
961 1581 1049 1647 inisti
1071 1593 1207 1670 propter
1230 1587 1334 1668 deum.

393 1683 440 1750 'l‘u
470 1686 664 1769 peregrinus
692 1704 713 1748 a
744 1685 865 1750 senine
891 1685 1002 1752 mundi
1030 1685 1222 1754 desiderasti
1250 1694 1325 1758 exui
1355 1691 1426 1758 fieri
1453 1701 1591 1780 propter

147 1826 148 1835 .
287 1806 430 1853 amorem
453 1787 582 1854 Christi.

392 1891 419 1956 0
442 1910 533 1956 mons
555 1891 676 1958 drusa
698 1891 832 1975 mentis,
860 1901 897 1960 tu
918 1893 1049 1959 assidue
1073 1895 1218 1979 pulcram
1242 1899 1358 1964 iaeiem
1381 1900 1537 1984 aperuisti
1558 1899 1591 1964 in

287 1994 423 2077 speculo
446 1996 612 2062 columbae.
648 2029 652 2036 -
746 2044 750 2052 .
1293 2045 1297 2052 ·

392 2097 439 2162 'l'u
461 2099 494 2160 in
516 2098 678 2164 absconso
700 2098 825 2164 latuisti
845 2099 1023 2166 inebriatus
1045 2100 1147 2167 odore
1165 2101 1317 2186 florum.
1343 2125 1403 2189 per
1425 2108 1590 2174 oaneellos

286 2208 473 2266 sanatorum
495 2201 637 2268 emioans
660 2201 733 2268 deo.

392 2302 419 2367 0
449 2303 575 2369 eulmen
607 2304 640 2368 in
665 2303 812 2370 olannus
839 2305 931 2386 ooeli,
970 2305 1058 2389 qnod
1089 2316 1226 2392 propter
1252 2312 1457 2396 perspiouam
1491 2313 1590 2380 vitan

287 2406 438 2472 mundum
460 2405 650 2488 vendidisti,
673 2409 738 2474 hoo
759 2415 942 2490 mnemon,
966 2410 1050 2474 alme
1073 2412 1256 2498 confessor,
1279 2432 1409 2499 semper
1431 2415 1534 2482 habes
1556 2418 1590 2482 in

285 2511 425 2576 domino.
1332 2567 1337 2576 .

390 2614 426 2679 ln
450 2623 504 2680 tua
527 2614 611 2678 enirn
633 2621 740 2678 monte
762 2614 835 2680 fons
857 2615 951 2679 vivas
973 2615 1151 2682 olarissima
1170 2617 1241 2683 lnoe
1260 2620 1449 2702 purissimos
1465 2623 1588 2688 rivulos

283 2719 399 2785 eduxit
420 2738 480 2802 per
501 2720 588 2782 viam
609 2717 732 2784 salutis

390 2821 439 2886 Tu
460 2841 579 2904 magna
600 2821 698 2886 turris
720 2828 796 2886 ante
820 2822 924 2888 altare
948 2823 1061 2888 sunni
1086 2823 1139 2888 dei
1164 2833 1196 2890 et
1218 2825 1315 2911 hujus
1339 2828 1438 2892 turris
1462 2830 1588 2895 eulmen

288 2926 487 2990 obumbrasti
509 2944 569 3009 per
591 2926 712 2991 fumum
732 2934 920 2992 aromatum.

391 3028 418 3094 0
440 3029 614 3114 Disibode,
644 3032 677 3095 in
699 3038 755 3097 tuo
778 3031 896 3096 lumine
916 3051 980 3118 per
1003 3034 1154 3118 exempla
1175 3036 1247 3119 puri
1271 3037 1343 3123 soni
1363 3038 1508 3102 membra
1528 3038 1588 3101 mi·

286 3134 389 3200 riticae
410 3134 516 3200 landis
538 3134 709 3202 aedifloasti
730 3137 764 3201 in
786 3134 912 3201 duabus
934 3137 1081 3221 partibus
1104 3157 1164 3222 per
1186 3138 1284 3205 tilium
1307 3140 1452 3207 hominis.

390 3238 426 3304 ln
450 3239 517 3303 alto
536 3247 604 3303 stas
626 3256 691 3303 non
712 3239 908 3303 erubescens
922 3238 1007 3304 ‘ante
1030 3240 1125 3304 deum
1140 3241 1249 3306 vivum
1271 3251 1305 3307 et
1323 3244 1470 3327 protegis
1492 3241 1588 3306 viridi

284 3359 363 3406 rore
384 3341 554 3408 laudantes
578 3343 671 3406 deun
694 3342 757 3407 ista
778 3359 870 3407 vooe.
1062 3414 1067 3425 ,

391 3444 417 3510 0
440 3445 544 3511 dulcis
565 3447 633 3510 vita
655 3454 689 3510 et
711 3464 731 3510 o
753 3448 851 3511 beata
872 3448 1135 3529 perseverentia,
1167 3467 1240 3530 quse
1266 3449 1298 3513 in
1323 3449 1387 3515 hoe
1409 3450 1506 3515 beato
1530 3447 1587 3515 Di·

278 3548 400 3615 sibodo
421 3550 600 3632 gloriosnm
622 3549 728 3614 lunen
751 3568 879 3633 semper
901 3546 1070 3615 aedifieasti
1092 3550 1124 3615 in
1148 3551 1273 3616 ooetesti
1294 3551 1486 3617 Jerusalem.

388 3652 482 3718 Nune
504 3653 546 3718 sit
568 3653 640 3718 laus
663 3652 726 3718 deo
748 3655 782 3718 in
807 3654 911 3719 torma
936 3654 1061 3737 pnlorae
1090 3662 1233 3719 tonsurae
1254 3652 1391 3720 viriiiter
1421 3664 1587 3740 operante.

389 3754 432 3821 Et
449 3757 583 3839 superni
606 3757 695 3822 eires
718 3756 884 3841 gaudeant
907 3756 948 3821 de
971 3756 1037 3838 his,
1060 3757 1115 3839 qui
1135 3775 1192 3821 eos
1215 3758 1278 3824 hoo
1299 3760 1396 3825 modo
1415 3761 1586 3826 imitantur.

374 3888 423 3943 iis.
447 3904 483 3945 aa
500 3889 676 3959 Wisbaden,
707 3892 742 3945 12
759 3889 858 3949 saara
890 3890 942 3970 mit
965 3886 1015 3949 der,
1029 3878 1167 3945 'narona
1203 3888 1287 3946 stent
1310 3904 1356 3945 aus
1372 3888 1514 3975 'Sohlusse
1538 3888 1588 3945 der

286 3976 397 4031 Werke
415 3975 466 4031 der
484 3977 510 4031 ir.
528 3976 679 4050 flodegart
696 3978 754 4033 und
771 3977 809 4033 ist
826 3974 1067 4037 wahrseheiniioh
1085 3992 1141 4031 von
1161 3974 1204 4031 ihr
1223 3972 1354 4033 veriaset

563 4264 650 4339 888.
668 4220 727 4336 in
749 4263 839 4338 {esto
866 4260 902 4337 b.
927 4262 1116 4335 Dominioi.
1148 4261 1307 4363 hymnus.

282 4467 444 4550 Hymnun
468 4485 563 4533 novae
586 4467 708 4532 laetitias
959 4476 994 4532 et
1015 4467 1134 4533 olansis
1157 4466 1262 4551 eulpa
1285 4486 1419 4534 earcere

283 4571 372 4639 dulei
392 4572 586 4657 productum
608 4574 735 4638 eantioo
958 4586 1072 4655 praeeo
1091 4568 1205 4635 salutis
1227 4569 1369 4635 mittitur.

280 4684 395 4742 noster
416 4677 587 4760 depromat
612 4670 709 4741 hodie

282 4780 402 4846 chorus
424 4767 538 4847 saneto
559 4779 735 4845 Dominieo.
959 4728 1147 4793 ”mmm
1174 4725 1397 4808 ⁰V⁸¹¹g⁰¹¹⁰³¹¹1
1458 4730 1464 4743 ’

960 4848 1121 4916 spargens
1143 4844 1204 4913 per
1225 4830 1313 4895 orbis
1336 4828 1501 4896 oardinern
1544 4830 1583 4894 to

287 4934 436 5017 vareso
457 4935 566 5000 mundi
586 4950 714 5018 vespere
886 4934 907 4996 5
959 4932 1200 5019 pestem-tegat
1222 4932 1424 5018 haereticam,

280 5054 400 5107 novun
422 5038 510 5106 sidus
533 5040 692 5121 exoritur,
845 5071 847 5074 ·
958 5052 1078 5102 novun
1099 5036 1286 5121 producens
1309 5035 1464 5102 ordinem.
