3892 6025
719 1112 804 1186 761.
836 1113 894 1185 De
921 1140 950 1185 s.
979 1112 1145 1215 Aegidio.

434 1329 525 1397 Sicut
548 1352 664 1417 passer
687 1333 849 1398 solitarius
872 1334 904 1397 in
928 1342 1043 1416 tecto„

434 1437 482 1501 sic
504 1436 554 1499 vir
575 1433 737 1519 Aegidius
755 1436 896 1520 pervigil
920 1438 951 1501 in
975 1437 1115 1505 Christo.

432 1625 654 1707 Requiescens
677 1626 769 1708 quasi
792 1626 844 1691 leo
867 1646 938 1692 cum
962 1627 1049 1694 Juda
1073 1634 1235 1714 accubuit,

435 1730 509 1794 dum
531 1730 652 1814 pullum
675 1748 766 1795 suum
787 1729 828 1793 ad
852 1732 979 1795 vineam
1000 1733 1104 1815 ligare
1127 1735 1255 1801 studuit

434 1918 478 1985 Ut
496 1918 621 1988 catulus
643 1919 746 1984 leonis
769 1920 963 1986 ascenderat
985 1922 1196 2009 adpraedam

434 2024 572 2105 alligans
595 2023 637 2087 ud
660 2024 757 2087 vitem
781 2025 902 2088 asinam
927 2044 1025 2090 suam.

434 2210 514 2279 Cum
536 2234 597 2298 per
619 2216 772 2279 virtutum
795 2216 916 2281 scalam

433 2316 559 2384 Sorech
581 2338 730 2401 quaerens
752 2320 879 2384 vineam

433 2445 469 2489 se
492 2444 644 2509 suamque
668 2422 799 2489 Christo

428 2528 583 2612 junxerat
605 2546 766 2613 sponsam.

432 2716 493 2784 Hic
516 2720 663 2787 iuventus
687 2723 756 2785 sine
779 2724 921 2806 macula,

432 2844 494 2888 nec
517 2828 662 2909 speravit
683 2826 714 2890 iu
739 2826 900 2892 thesauris
924 2835 957 2891 et
979 2826 1131 2910 pecnnia,

430 3015 481 3080 Ne
504 3016 563 3081 sibi
587 3017 721 3081 coluber
743 3019 775 3081 iu
798 3017 852 3081 via

430 3138 493 3184 nec
513 3129 657 3184 cerastes
679 3139 798 3186 nocere
821 3127 934 3205 posset
956 3120 989 3184 iu
1011 3121 1134 3186 semita.

431 3305 492 3372 Cui
515 3326 576 3391 per
598 3317 720 3374 sanctae
744 3309 893 3375 trinitatis
916 3309 1096 3376 efficaciam

433 3413 568 3478 contulit
591 3421 710 3478 tantam
737 3412 816 3478 dens
839 3415 1025 3478 meritorum
1048 3415 1202 3496 gratiam,

431 3601 475 3667 Ut
497 3604 722 3669 miraculorum
745 3622 920 3670 coruscans
943 3605 1116 3670 virtutibus

430 3707 556 3770 miseris
577 3727 639 3790 per
661 3709 765 3791 ipsum
788 3709 975 3773 subveniret
997 3709 1152 3793 pluribus.

428 3879 511 3943 Nam
534 3887 679 3964 tempore
703 3879 842 3962 quodam
863 3888 999 3965 propter
1022 3881 1262 3964 eleemosynam

429 3983 548 4047 misero
571 3982 697 4047 cuidam
720 4003 810 4048 suum
834 3981 923 4047 dedit
945 3983 1101 4064 tunicam,

431 4172 533 4249 Quam
555 4179 590 4236 ut
613 4193 704 4256 aeger
726 4173 810 4236 idem
833 4171 998 4255 induerat,

305 4328 309 4338 .
431 4275 597 4341 incolumis
620 4276 695 4340 inde
718 4275 868 4340 redierat.

430 4465 553 4531 Deinde
577 4467 763 4550 relinquens
783 4467 942 4532 Graeciam

431 4572 557 4636 transiit
580 4572 655 4636 exul
679 4569 721 4635 ad
744 4571 890 4636 Galliam.

429 4745 546 4809 Munus
568 4747 610 4808 ab
634 4745 814 4828 apostolico
836 4743 949 4810 Romae
972 4745 1034 4809 sibi
1056 4743 1278 4825 contraditum,

431 4848 538 4912 statim
561 4848 724 4913 inmissum
748 4847 856 4912 Tiberi
879 4848 996 4913 direxit
1019 4846 1063 4912 ad
1085 4849 1274 4915 coeuobium.

428 5021 603 5088 Peccatum
626 5023 715 5105 regis
737 5023 854 5107 piavit,

429 5133 587 5192 mortuum
610 5127 824 5192 resuscitavit.
