3892 6025
682 1085 769 1159 870.
806 1079 989 1180 Ejusdem.
1024 1080 1070 1154 ad
1095 1081 1228 1156 landes.

307 1325 334 1394 0
357 1326 469 1408 Clara,
492 1325 564 1391 luoe
587 1323 722 1406 olarios,
983 1319 1161 1386 Franoisoo
1184 1319 1267 1388 duos
1289 1322 1429 1390 militans

306 1431 388 1498 lnois
411 1437 543 1494 aeternae
565 1426 648 1510 filia,
984 1432 1018 1488 et
1038 1425 1141 1489 vineis
1163 1425 1248 1490 trina
1269 1426 1386 1510 proelia

309 1533 379 1599 dies
401 1533 465 1597 ista
485 1530 672 1596 sollemnior
984 1545 1114 1608 monem
1136 1547 1274 1612 namque
1298 1529 1523 1616 suppeditans,
1566 1531 1605 1594 15

309 1645 365 1702 tua
387 1635 466 1701 oolit
487 1633 665 1699 sollemnia.
984 1630 1134 1697 mnndum
1156 1639 1253 1716 atque
1276 1632 1444 1701 daemonia.

307 1825 394 1891 Vitae
422 1823 560 1890 labentis
582 1819 704 1904 gaudia
913 1820 932 1880 5
985 1821 1060 1887 Jam
1078 1821 1148 1905 jam
1171 1822 1204 1887 in
1226 1840 1332 1906 regno
1354 1823 1505 1889 luminum

308 1926 493 2012 spernendo
517 1923 680 1988 Christum
702 1921 863 2004 sequeris,
986 1925 1072 2008 patri
1095 1943 1300 2008 conregnans
1323 1924 1405 2008 lilia,

308 2038 497 2117 pasoeutem
519 2029 605 2092 inter
626 2026 712 2109 lilia,
826 2071 834 2086 .
987 2027 1046 2112 da,
1069 2038 1101 2094 te
1124 2037 1313 2112 sequentum
1336 2029 1496 2113 agminum

310 2144 408 2219 tuque
432 2154 504 2200 oum
526 2133 657 2198 Christo
679 2129 833 2216 passeris.
986 2139 1078 2198 reeta
1099 2131 1172 2198 iore
1194 2133 1341 2216 vestigia
1566 2134 1608 2198 20

311 2322 430 2389 Custos
451 2341 617 2388 sacrarum
638 2321 799 2404 saginum
987 2319 1038 2387 Sit
1059 2323 1160 2408 patui,
1183 2332 1276 2408 nato,
1299 2323 1419 2391 damini

310 2428 396 2493 omni
418 2428 536 2493 virtute
559 2426 684 2512 praevia
893 2421 935 2486 10
987 2422 1102 2503 deous,
1124 2423 1229 2489 honor
1251 2432 1285 2490 et
1307 2427 1412 2509 gloria
1472 2437 1473 2442 ’

311 2529 402 2595 duois
429 2528 470 2594 ad
493 2548 645 2614 sponsum
670 2527 831 2600 dominum
986 2543 1111 2609 nosque
1134 2525 1349 2593 commendent
1369 2527 1479 2594 lumini

310 2633 490 2718 puellarum
514 2633 663 2716 eollegia.
987 2637 1109 2694 sanetas
1132 2629 1239 2698 Clara
1262 2631 1427 2716 suffragia.
1464 2653 1566 2700 amen.

397 2823 455 2876 Ans
474 2819 623 2876 desselben
640 2816 688 2873 lis.
1037 2883 1040 2888 Ι

400 2938 433 2994 V.
453 2942 493 2994 15.
514 2940 557 2994 16.
583 2938 648 3015 Vgl
666 2938 719 2997 No.
738 2939 800 3009 868,
816 2941 858 2995 21.
876 2939 920 2994 26.
956 2937 1009 2996 No.
1028 2939 1131 3009 862,st

545 3294 633 3368 871.
676 3295 734 3366 De
759 3318 787 3366 s.
809 3290 990 3369 Clemente
1013 3321 1106 3397 popu
1140 3299 1383 3397 (sputum).

312 3530 341 3593 1.
375 3524 497 3592 obruti
518 3528 673 3611 martyris
990 3584 993 3591 .
1052 3524 1096 3594 lit
1116 3536 1192 3614 post
1213 3528 1287 3597 hano

377 3629 522 3695 colamus
543 3628 629 3694 festa
754 3672 758 3677 -
1053 3632 1223 3717 apostolioi
1247 3632 1408 3717 rognum

379 3727 570 3814 Clementis,
1054 3733 1241 3819 degustavit
1261 3736 1398 3821 fluenta,
1495 3810 1498 3817 ,

311 3923 341 3985 2.
373 3919 435 4000 oui
455 3920 542 3989 huno
562 3920 648 3990 diem
887 3952 894 3961 ¹
1054 3840 1390 4025 ἓᾚῃίῗῑᾝὲω

373 4026 526 4110 passione
915 4029 937 4090 ὅ

374 4130 511 4215 propria
531 4129 610 4195 feeit
631 4128 820 4194 wllemnem
989 4128 1019 4189 l.
1054 4124 1114 4193 Oui
1137 4127 1271 4195 donavit

375 4265 486 4351 Atque
509 4266 602 4332 nobis
1053 4228 1170 4295 Petrus
1192 4233 1360 4315 apostolos

376 4366 597 4435 venerandum
1053 4330 1139 4398 hm
1160 4342 1373 4421 mmm,

374 4469 487 4536 tribuit
508 4484 582 4532 esse
605 4466 784 4533 oolendnm.
1053 4468 1098 4536 Ut
1119 4470 1207 4537 illum
1230 4490 1371 4556 sequens

1054 4583 1150 4659 regat
1171 4576 1358 4662 ecelesiam,

311 4663 341 4726 3·
372 4658 592 4744 H1'⁰l)¹'i¹¹¹¹¹¹¹¹
896 4666 936 4731 1⁰
1055 4677 1218 4745 dimittens
1240 4680 1378 4766 eulpam.

376 4762 592 4848 philosophiae
614 4766 737 4833 artibm
833 4791 837 4797 ·

376 4867 492 4934 olaruit
512 4869 546 4933 in
568 4868 632 4935 hoe
651 4871 771 4937 mundo
990 4874 1021 4938 5.
1054 4868 1114 4950 oui
1136 4879 1213 4939 tuno
1234 4880 1372 4958 aooepta

375 4978 472 5055 atque
494 4971 607 5037 smouli
629 4970 742 5038 studiis
1056 4984 1220 5061 potestate
1243 4975 1320 5043 data

378 5083 449 5141 erat
468 5075 628 5162 intentus,
1055 5078 1136 5145 Post
1156 5080 1228 5166 eJus
1251 5082 1351 5147 vitam
