3892 6025
381 650 424 715 w
531 624 536 635 .

375 838 459 903 Duru
485 845 593 901 mente
615 842 721 902 tracto
745 836 901 919 angelos,

375 942 555 1026 prophetas
577 947 609 1004 et
632 937 817 1023 apostolos,

376 1044 570 1109 victorioros
592 1050 754 1126 martyres
878 1032 887 1041 ’
960 1042 1003 1104 35

377 1155 410 1211 et
431 1146 638 1231 praepndicas
660 1145 822 1229 virgines:

374 1327 489 1393 Nullus
511 1327 588 1391 mihi
607 1326 787 1410 potentior,

375 1430 494 1495 nullus.
503 1428 743 1494 misericordior
753 1476 762 1511 ,

358 1533 608 1618 illorumpace
630 1531 782 1615 dixerim,

376 1635 504 1700 videtur
526 1643 628 1700 matre
652 1634 778 1699 domini.
959 1633 1002 1697 00

375 1814 581 1898 Quapropter
604 1812 689 1876 hano
711 1790 900 1895 praecipue'

374 1926 546 2002 patronam
568 1934 673 1991 meam
695 1913 805 1979 facere

374 2019 454 2083 nihil
475 2016 677 2099 religiosius,

259 2140 263 2147 ·
374 2122 452 2185 nihil
474 2128 553 2204 puto
577 2119 746 2184 salubrius.

374 2300 464 2383 Ergo
487 2308 591 2365 mater
613 2298 767 2365 melliflua

375 2410 410 2467 et
431 2405 527 2487 virgo
550 2404 772 2488 pudicissima,

374 2526 459 2573 nunc
481 2507 693 2591 inpraesenti
716 2508 869 2591 sentiam,

376 2608 535 2692 quamde
558 2618 591 2674 te
614 2608 656 2674 do
680 2611 882 2675 sententiam.

375 2789 443 2854 Mei
465 2790 630 2872 querelam
653 2791 793 2871 gemitus

272 2936 274 2941 ·
375 2891 433 2957 tibi
454 2892 585 2975 impono
607 2892 769 2975 primitus,

376 3015 471 3078 quam
489 2994 639 3078 perferas
662 2994 704 3060 ad
726 2995 887 3061 dominum

375 3107 408 3162 et
431 3107 519 3164 tuum
542 3117 654 3163 verum
677 3097 785 3162 filium.

374 3278 496 3360 Maria,
518 3277 575 3342 lux
598 3276 758 3360 aetherea,

375 3389 410 3447 ut
431 3400 520 3446 meas
542 3400 659 3466 preces
682 3381 830 3464 deleras,

378 3483 439 3547 tuis
464 3491 585 3547 stratus
608 3484 754 3567 vestigiis
957 3489 999 3548 55

375 3593 483 3650 mente
507 3584 650 3669 deposco
673 3587 819 3670 supplici.

375 3764 647 3850 Gomputrnerunt
667 3768 803 3851 pristina

374 3875 583 3952 peecatorum
607 3869 773 3951 contagia,

376 3969 435 4034 sed
457 3971 589 4054 sapiens
607 3979 659 4034 est
680 3969 839 4054 medicus,

375 4073 577 4157 omnipotens
600 4081 651 4136 est
670 4073 825 4139 dominus.
959 4077 1000 4139 00

374 4235 423 4300 οο
445 4237 531 4301 mala
554 4237 784 4302 consuetudine

375 4347 426 4404 est
447 4339 566 4404 efficax
588 4360 639 4403 me
663 4341 797 4424 tollere,

376 4443 429 4525 qui
451 4442 620 4506 suscitavit
642 4441 802 4506 Lazarum

375 4543 631 4628 quadriduanum
655 4552 822 4608 mortuum.

375 4709 454 4774 Post
477 4710 605 4791 lapsum
626 4706 760 4772 Petrum
781 4709 914 4795 respicit
958 4712 999 4774 05

375 4820 409 4875 et
431 4828 549 4892 magno
572 4811 649 4874 lletn
673 4813 828 4894 concutit,

374 4932 436 4978 neo
459 4912 655 4994 Chananaeae
677 4917 830 5000 precibus

374 5017 485 5083 abnuit
508 5015 561 5082 hio
581 5019 750 5102 propitius.

1056 836 1162 901 David
1184 844 1259 920 post
1281 845 1346 901 tam
1368 838 1517 906 immania

1055 939 1203 1023 penituit
1225 940 1350 1023 flagitia
1638 944 1681 1009 ’Ζο

1055 1048 1090 1105 et
1111 1049 1188 1125 post
1208 1040 1334 1107 laudari
1356 1044 1472 1110 meruit

1055 1163 1113 1210 ore
1135 1146 1236 1228 ipsius
1260 1146 1387 1213 domini.

1053 1322 1148 1391 Unde
1171 1345 1305 1392 securus
1327 1328 1468 1411 credidi,

1054 1447 1074 1491 a
1097 1436 1305 1510 peccatorum
1327 1430 1466 1495 vinculis

1053 1549 1105 1595 me
1127 1531 1192 1595 cito
1214 1549 1313 1613 posse
1334 1535 1420 1614 erui,
1601 1608 1606 1615 ¹
1640 1536 1682 1598 '15

1054 1634 1085 1697 si
1106 1641 1141 1699 tu
1163 1640 1283 1699 tantum
1307 1638 1450 1719 petieris.

1053 1814 1163 1879 Mater
1184 1817 1436 1899 misericordiae,

1054 1920 1103 1984 sie
1124 1918 1274 1986 affectum
1296 1921 1528 2005 comprendere

1054 2021 1165 2096 vales,
1188 2042 1262 2103 quae
1284 2041 1385 2089 vocas
1407 2025 1522 2108 impios

1055 2134 1089 2190 et
1110 2144 1175 2191 non
1197 2127 1325 2209 spernis
1347 2127 1543 2192 incredulos.
1635 2127 1680 2190 80

1055 2302 1139 2380 Quid
1158 2303 1193 2367 iu
1214 2304 1321 2369 Maria
1342 2307 1505 2387 gesseris,
1593 2326 1599 2337 ·

1054 2406 1143 2470 illam
1164 2405 1237 2471 dico
1258 2403 1475 2491 Aegyptiam,

1053 2524 1190 2591 prorsus
1212 2508 1303 2571 novit
1324 2508 1464 2573 ecclesia

1055 2618 1089 2674 et
1113 2610 1238 2674 exultat
1258 2611 1291 2673 iu
1313 2612 1429 2693 gratia.

1056 2790 1254 2875 Theophilus
1276 2790 1408 2856 diabolo
1633 2791 1676 2855 85

1054 2912 1113 2959 suo
1137 2893 1231 2959 datus
1254 2892 1472 2976 chirographo

1053 2996 1145 3079 quasi
1168 3017 1189 3061 a
1210 2995 1311 3060 fundo
1332 2994 1479 3060 barathri

1052 3118 1114 3182 per
1136 3104 1169 3161 te
1191 3096 1304 3162 reduci
1324 3097 1437 3180 potuit

1052 3274 1122 3340 Sed
1145 3275 1216 3358 quis
1237 3275 1348 3339 verbis
1374 3273 1640 3358 conprenderet,

1052 3379 1108 3443 vel
1130 3380 1292 3463 scriptura
1314 3377 1495 3460 digereret,
1634 3377 1677 3440 00

1052 3480 1171 3547 cotidie
1193 3497 1275 3564 quos
1297 3481 1418 3545 liberas

1052 3592 1087 3649 et
1108 3584 1171 3648 deo
1194 3583 1409 3648 reconcilias?

1050 3763 1109 3828 llis
1127 3762 1197 3846 jam
1221 3762 1275 3826 diu
1297 3761 1507 3846 praemonitus

1053 3869 1095 3934 ad
1118 3877 1151 3932 te
1174 3868 1307 3950 coniugi
1331 3867 1495 3948 credulus,

1052 3991 1093 4034 ne
1116 3990 1185 4054 me,
1208 3971 1278 4053 pia,
1301 3969 1438 4053 abjicias
1635 3970 1678 4033 05

1052 4073 1192 4158 supplex
1214 4090 1290 4154 oro,
1312 4073 1368 4136 vel
1390 4072 1531 4137 differas.

1052 4237 1243 4301 Deuotionis
1265 4236 1415 4301 lacrimas

1053 4340 1302 4423 quamprimum
1325 4340 1401 4404 mihi
1420 4341 1571 4424 impetra,

1052 4451 1088 4507 ut
1110 4444 1173 4507 sint
1197 4445 1276 4508 satis
1298 4442 1439 4526 idoneae,

1052 4565 1142 4609 meas
1164 4544 1280 4610 sordes
1304 4545 1423 4608 eluere.
1614 4544 1678 4609 100

1053 4709 1171 4794 'l'urpis
1194 4709 1453 4792 eoncupiscentia

1054 4833 1173 4897 eorpus
1196 4833 1258 4878 nec
1280 4820 1420 4877 mentem
1441 4811 1582 4896 polluat,

1053 4936 1148 4999 quam
1171 4918 1230 4980 sub
1254 4923 1309 4980 tua
1331 4916 1478 4981 custodia

1049 5021 1120 5104 jam
1143 5019 1315 5106 deputavi,
1339 5020 1475 5085 domina,
