3892 6025
388 646 452 711 196

387 832 469 900 Haec
490 831 627 896 Mariam
651 831 802 914 peperit,

387 956 448 1020 per
469 956 565 1018 quam
589 933 735 1000 Christus
759 935 866 1019 aperit

430 1041 533 1104 sinum
556 1038 794 1122 poenitentibus.

386 1201 490 1268 Datur
511 1203 544 1266 in
567 1203 752 1267 coelestibus

387 1325 408 1369 a
429 1310 614 1369 sanctornm
637 1304 766 1370 civibus

385 1404 494 1472 Annae
512 1407 680 1490 salutatio,

382 1509 530 1594 jocunda
551 1511 705 1576 laudatio.

384 1675 536 1742 Laudant
558 1677 671 1741 matris
693 1677 839 1758 viscera,

385 1778 520 1844 landant
540 1780 653 1844 matris
673 1781 793 1860 ubera,

384 1881 523 1946 iunctum
545 1881 748 1963 beatificant,

384 1984 522 2050 Mariam
545 1986 761 2069 magnificant.

383 2149 480 2217 Felix
500 2151 613 2235 Anna,

384 2265 482 2320 exte
506 2276 623 2321 manna

383 2357 503 2424 mundo
522 2358 630 2442 datur,

384 2478 449 2545 quo
471 2471 626 2546 pascatur

427 2566 459 2629 in
483 2565 614 2631 deserto
636 2565 795 2652 populns3

384 2727 457 2795 Hoc
477 2728 628 2812 dulcore,

383 2833 449 2900 hoc
470 2852 591 2918 sapore

384 2946 602 3022 sustentatur,

382 3053 577 3129 procreatur

428 3167 471 3211 ex
493 3164 610 3212 manna
631 3149 835 3215 vermiculus,

384 3306 538 3375 Vermem
560 3306 678 3376 istum'

385 3411 460 3478 dico
482 3412 652 3495 Christum,

384 3519 479 3584 nobis
501 3526 623 3600 natum,

1065 831 1240 895 exaltatum

1106 937 1139 1001 in
1163 939 1267 1004 crucis
1290 939 1444 1022 patibulo.

1063 1097 1118 1166 Fit
1135 1109 1333 1184 unguentum

1064 1204 1258 1287 vulneratis,

1065 1306 1301 1372 condimentum

1010 1477 1014 1486 ,
1065 1408 1237 1492 tribulatis,

1106 1513 1247 1582 solvite
1268 1515 1421 1598 periculo.

1065 1678 1184 1743 Manna
1209 1680 1283 1745 coeli
1305 1700 1422 1745 manna
1444 1689 1541 1745 terrae

1064 1779 1144 1845 cura
1167 1781 1260 1845 stude
1283 1799 1342 1846 nos
1365 1782 1543 1846 transferre
1645 1783 1686 1845 45

1108 1879 1151 1946 atl
1172 1884 1266 1948 lactis
1288 1884 1391 1949 mellis
1411 1884 1564 1968 patriam,

1107 1986 1151 2050 ad
1172 1985 1316 2069 paradisi
1340 1988 1470 2053 cariem.

1066 2152 1174 2218 Mater
1196 2150 1250 2215 dei
1269 2151 1452 2234 genitricis,

1064 2263 1167 2320 mater
1190 2263 1311 2319 nostrae
1334 2256 1530 2339 salvatricis,

1108 2380 1168 2445 per
1190 2367 1222 2423 te
1245 2378 1392 2443 praesens
1415 2361 1535 2425 familia

1108 2472 1213 2528 tecum
1236 2473 1352 2547 regnet
1375 2464 1405 2527 in
1429 2464 1541 2547 gloria.

1064 2627 1133 2694 Nos
1157 2628 1346 2693 commenda
1368 2627 1517 2710 trinitati,

1063 2729 1118 2794 iac
1139 2738 1174 2794 ut
1195 2730 1289 2794 verbi
1311 2730 1470 2794 incarnati

1064 2833 1169 2898 servis
1193 2833 1258 2896 sois
1281 2841 1377 2914 atque
1401 2831 1463 2896 tuis

1107 2937 1202 3002 detur
1220 2936 1415 3002 benedictio.

1061 3104 1134 3183 ,Fac
1155 3110 1191 3167 ut
1212 3110 1326 3169 nostra
1348 3100 1542 3187 symphonia

1065 3208 1153 3273 etin
1175 3222 1278 3289 reguo
1302 3205 1389 3269 etin
1411 3205 1466 3268 via

1064 3312 1106 3375 sit
1128 3310 1233 3375 Maria
1256 3308 1412 3391 melodia,

968 3423 1010 3486 ³⁵
1106 3436 1254 3497 carmen,
1272 3416 1440 3501 jubilatio,

1105 3524 1176 3588 laus
1199 3522 1314 3587 Mariae
1337 3520 1413 3585 lilio.
1447 3539 1548 3585 amen.
1645 3519 1688 3582 60
1775 3478 1776 3509 ἶ

470 3686 675 3759 Strusstnrger
693 3689 740 3744 ils.
757 3689 788 3744 ii.
806 3690 849 3744 tt).
868 3690 910 3745 sl
929 3691 972 3747 ts.
997 3691 1030 3745 15
1047 3688 1146 3747 Jahrb.
1174 3684 1240 3757 Vgl
1259 3682 1311 3738 No.
1330 3682 1391 3736 601.

473 3788 553 3846 Naeh
571 3791 605 3845 15
623 3792 756 3848 soheinen
773 3796 791 3849 3
810 3794 899 3852 Versa
917 3813 951 3851 nu
969 3793 1072 3855 fehlen.
1107 3794 1142 3848 tt
1162 3789 1265 3856 solvat,
1287 3786 1335 3841 lis.

472 3896 505 3951 V.
524 3900 568 3955 20.
595 3907 718 3977 perrupto
737 3900 755 3971 η’
772 3903 861 3957 κοιλία
879 3922 931 3958 σου
948 3906 995 3957 καὶ
1013 3896 1040 3957 ὁι
1056 3899 1169 3973 μασθαι
1194 3914 1246 3951 σου
1264 3890 1376 3967 ὡραῖαι,
1408 3891 1434 3945 αἱ
1452 3885 1623 3960 θηλάσαντες
1640 3884 1689 3958 τὴν

383 3984 550 4058 θηλόσασαα
567 3986 697 4077 Χρισαόν.
724 3989 779 4045 Jul,
796 3992 839 4044 25.

844 4309 931 4383 801.
965 4270 1023 4377 De
1045 4332 1073 4377 s.
1098 4308 1215 4378 Anna.

381 4539 480 4607 Anna
503 4540 614 4604 matris
635 4538 719 4603 lesu
742 4536 863 4602 Christi

381 4652 502 4725 mater,
523 4644 579 4725 pia
601 4641 764 4727 protulisti

423 4747 634 4830 peccantibus
654 4746 827 4829 retugium,

381 4850 435 4915 dei
457 4856 592 4915 matrem
614 4851 793 4935 concepisti

381 4961 637 5039 conceptamque
659 4955 816 5041 peperisti

423 5058 608 5127 labentibus
629 5060 816 5126 remedium.

1060 4533 1137 4601 Ave
1160 4532 1313 4616 templum
1336 4528 1447 4613 templi
1469 4524 1540 4606 dei,

1062 4640 1217 4723 templum
1239 4637 1332 4704 nobis
1354 4632 1493 4715 requiei,

1107 4740 1259 4824 templum
1281 4738 1377 4823 primi
1399 4732 1539 4811 luminis,

1061 4856 1096 4912 tu
1118 4864 1153 4909 es
1176 4860 1295 4927 parens
1317 4847 1439 4905 nostrae
1461 4835 1548 4919 spei,

989 4955 1008 5015 5
1061 4970 1123 5034 per
1146 4966 1241 5030 quam
1263 4944 1347 5009 salvi
1368 4943 1450 5007 liunt
1471 4940 1519 5003 rei

1106 5050 1267 5135 baptismo
1290 5048 1348 5113 loti
1369 5044 1515 5113 flaminis.
