3892 6025
291 824 458 892 Discretns
481 832 587 891 autem
611 832 757 909 tempore
971 829 1106 899 Electus
1129 840 1181 897 est
1203 832 1372 918 divinitus,
1419 828 1451 857 ‘⁶

292 926 364 990 orbi
386 926 515 991 refulsit
535 924 721 1010 splendide,
839 962 857 973 ··
880 972 883 977 -
971 935 1079 1000 faetus
1102 935 1268 1001 tetrarcha
1290 938 1466 1021 maximus,

290 1028 418 1113 puellas
440 1048 460 1092 a
482 1030 664 1113 prostibulo
877 1032 917 1093 15
971 1044 1008 1102 nt
1029 1055 1096 1103 vox
1118 1037 1227 1102 divina
1245 1038 1392 1122 jusserat

290 1150 373 1197 auro
395 1138 562 1199 retentans
584 1135 732 1219 plurimo.
972 1148 1007 1205 et
1028 1149 1103 1205 actu
1125 1140 1366 1226 designaverat.

290 1325 398 1391 Patria
422 1325 528 1391 (111111
550 1328 691 1412 inopiam
969 1327 1042 1395 Deo
1063 1331 1151 1416 patri
1174 1338 1208 1398 et
1230 1332 1298 1398 lilio
1553 1338 1595 1399 25

290 1428 417 1512 largam
440 1427 568 1493 diffudit
591 1428 776 1508 dexteram,
970 1450 1044 1497 cum
1065 1432 1195 1498 flamine
1217 1436 1378 1517 paraclito

290 1532 350 1597 sed
372 1531 500 1615 lugiens
522 1533 677 1616 arripitur
969 1536 1119 1620 sitlans,
1141 1538 1262 1619 virtus,
1284 1539 1454 1622 imperium

289 1636 508 1720 Nicolansque
531 1636 691 1722 proditur.
873 1636 916 1703 20
969 1647 1004 1703 et
1025 1657 1111 1704 nunc
1133 1647 1167 1704 et
1188 1642 1222 1705 in
1243 1650 1445 1725 perpetuum.

377 1822 425 1878 lls.
445 1838 500 1880 von
519 1822 549 1879 S.
567 1822 653 1878 Peter
680 1838 715 1876 11
733 1822 889 1877 llsrlsrube
916 1822 1031 1879 10132.
1059 1823 1109 1879 des
1128 1826 1162 1879 15
1180 1825 1279 1881 Jahrb.
1315 1826 1413 1882 bisses
1441 1824 1509 1883 bled
1537 1829 1594 1883 und

288 1913 334 1967 No
353 1913 423 1967 1006
440 1911 569 1969 lrommeu
587 1912 616 1967 ln
634 1911 686 1967 deu
704 1912 860 1981 Breviereu
877 1912 928 1968 der
946 1912 1142 1969 nominitaner
1159 1929 1223 1970 vor.

376 2034 590 2106 depectaculis,
609 2034 658 2089 lls.
692 2034 788 2089 dmir.
807 2033 875 2089 clar.
894 2034 942 2089 lla
978 2035 1050 2089 5-8
1067 2034 1200 2089 scbeiuen
1214 2031 1379 2090 leblerbalt
1415 2036 1527 2106 01111,
1546 2035 1594 2091 ns.

289 2121 307 2175 9
325 2137 397 2191 nam,
415 2121 463 2177 lis.
492 2124 527 2177 10
543 2122 585 2177 sic
603 2117 753 2193 affligebat
768 2120 865 2191 pubio,
881 2121 931 2177 ils.
957 2122 992 2175 13
1010 2126 1055 2177 est
1072 2126 1167 2177 cretus
1184 2126 1241 2177 aut
1259 2122 1308 2177 lla.
1334 2123 1372 2177 2⁰
1388 2122 1526 2193 proditus,
1544 2122 1593 2177 lls.

721 2472 829 2550 1099.
866 2475 925 2547 lle
949 2500 977 2547 s.
1000 2472 1161 2547 Nicolao.

286 2708 363 2779 Ave
385 2711 476 2775 mirae
499 2712 694 2795 sanctitatis,
964 2710 1172 2795 Tempestate
1194 2710 1419 2792 conquassatis

329 2814 464 2879 Nicolae
487 2816 649 2898 pontifex,
1002 2814 1137 2898 jamque
1159 2813 1428 2894 naufragantibus

286 2918 452 2985 vasculum
475 2927 507 2984 te
530 2920 662 3002 pietatis
963 2918 1084 2983 absens
1105 2935 1202 3000 opem
1224 2916 1407 3001 desperatis

329 3041 470 3088 summus
492 3023 569 3088 lecit
592 3022 713 3107 opifex,
1006 3025 1137 3108 praebes
1158 3022 1414 3106 implorantibus.

284 3215 322 3285 ln
346 3215 513 3282 cunabulis
535 3215 689 3298 erigebas
890 3221 910 3280 5
961 3212 1122 3299 Populum
1148 3235 1168 3279 a
1191 3214 1285 3279 lamis
1306 3231 1389 3278 nece
1544 3215 1589 3278 25

328 3328 362 3384 te
385 3319 437 3385 die
459 3320 626 3402 primaria,
1005 3319 1095 3382 eruis
1117 3318 1313 3399 famelicum,

285 3424 387 3488 semel
409 3431 532 3488 tantum
553 3423 606 3488 lac
628 3424 771 3507 sugebas
962 3418 1073 3485 datum
1094 3428 1128 3484 et
1149 3430 1314 3486 servatum
1335 3439 1435 3505 prece

329 3534 461 3609 quarta,
485 3533 579 3591 sexta
602 3525 692 3592 lenia.
1004 3530 1041 3588 tu
1063 3522 1208 3608 adauges
1229 3524 1377 3589 triticum.

283 3718 462 3784 Puerorum
484 3734 548 3782 non
570 3715 700 3782 lasciva
960 3711 1111 3795 Humilis,
1132 3713 1256 3797 justus,
1280 3714 1438 3796 benignus

329 3820 448 3902 qnaeris
470 3837 552 3904 puer
574 3816 712 3901 gaudia,
867 3815 908 3878 10
1004 3835 1041 3881 es
1062 3818 1095 3881 in
1118 3819 1243 3883 cunctis
1265 3818 1408 3900 actibus,
1543 3819 1585 3883 30

284 3926 420 3989 verbum
443 3920 496 3985 dei
518 3920 669 3986 rediviva
960 3921 1047 3986 omni
1069 3939 1198 4005 quoque
1221 3921 1316 3986 laude
1340 3921 1457 4014 dignus

327 4026 449 4092 retines
471 4024 634 4089 memoria.
1003 4024 1119 4110 plenus
1142 4033 1178 4090 tu
1199 4024 1380 4090 virtutibus.

156 4193 157 4216 Χ
283 4217 367 4285 Auri
389 4234 513 4282 massas
536 4213 681 4297 erogasti
959 4210 1009 4277 'l'u
1029 4232 1125 4295 quam
1146 4213 1258 4296 plures
1280 4213 1492 4298 preservasti

326 4323 475 4408 patrique
497 4318 693 4401 virginibus,
1025 4317 1115 4381 necis
1137 4337 1157 4380 a
1178 4315 1341 4400 periculo,

284 4447 365 4513 quos
388 4448 407 4493 a
429 4428 515 4492 farne
538 4421 685 4488 liberasti
866 4418 906 4481 lb
960 4419 1086 4502 angelis
1107 4426 1141 4483 te
1163 4419 1324 4484 inclinasti
1540 4421 1583 4483 ct

327 4531 498 4614 carnisque
522 4525 713 4594 criminibus.
1003 4523 1115 4588 mortis
1136 4524 1169 4587 in
1193 4524 1338 4589 articulo.

282 4725 408 4791 Nomen
429 4720 538 4808 prodit
560 4725 593 4783 11
614 4719 784 4804 probatum
959 4711 1040 4779 (lum
1062 4713 1233 4780 defunctus
1255 4715 1405 4799 sepeliris

326 4846 392 4894 vox
415 4825 527 4907 elapsa
550 4819 675 4888 coelitus
1002 4817 1122 4881 tumulo
1144 4834 1327 4880 marmoreo
1339 4864 1348 4899 ‚

282 4935 393 5016 sicque
416 4927 514 5009 digne
536 4922 745 5009 presulatum
957 4919 1065 4985 multis
1088 4921 1175 4984 salus
1197 4918 1300 4984 modis
1321 4920 1411 4984 miris

326 5043 440 5102 nactus
463 5050 499 5097 es
522 5028 681 5094 divinitus.
861 5024 905 5090 20
1002 5042 1038 5088 es
1059 5032 1209 5088 manante
1232 5025 1314 5089 oleo.
1537 5024 1580 5087 tc
