3892 6025
579 1125 665 1199 964.
694 1123 752 1196 De
775 1148 802 1194 s.
830 1119 1000 1194 Heinrieo
1027 1123 1109 1220 imp.
1136 1118 1181 1191 ad
1209 1143 1302 1217 vesp.
1331 1115 1495 1218 hymnus.

386 1363 479 1430 Voce
501 1380 587 1428 uuuc
608 1361 731 1426 celebri
1066 1363 1140 1428 Post
1162 1379 1218 1426 rea
1238 1360 1388 1445 apparuit

389 1480 542 1528 canamus
563 1461 665 1526 incliti
1063 1468 1125 1548 illi,
1149 1467 1203 1548 qui
1225 1466 1341 1530 claruit

387 1566 464 1631 lrela
486 1566 652 1650 praeconia
1065 1568 1172 1634 multis
1195 1567 1366 1633 virtutibus
1762 1615 1763 1674 p

387 1667 497 1734 debita
519 1667 625 1751 gloria
1067 1679 1100 1735 et
1122 1671 1243 1735 Christi
1266 1671 1430 1753 laudibus,
1655 1671 1692 1733 25
1762 1677 1763 1682 ’

387 1771 529 1837 Heinriei
554 1771 705 1852 caesaris,
994 1773 1013 1833 5
1067 1773 1154 1857 quod
1176 1782 1388 1858 apparuerat,
1762 1753 1763 1770 ἵ

389 1876 443 1958 qui
465 1875 566 1957 signis
584 1875 685 1938 variis
1066 1875 1185 1942 inscius
1209 1876 1329 1958 luerat,

390 1977 536 2043 clarebat
557 1987 590 2040 et
612 1976 781 2042 miraculis.
1064 1986 1137 2063 post
1157 1998 1214 2046 sec
1235 1997 1337 2044 anuos
1360 1989 1569 2066 perceperat.

388 2164 450 2230 Hic
472 2164 679 2228 laudabiliter
1067 2168 1202 2233 Devotis
1227 2167 1380 2234 cordibus

389 2268 471 2330 vixit
492 2276 526 2330 et
548 2268 706 2351 suaviter,
1068 2282 1101 2337 et
1123 2272 1212 2356 puris
1230 2271 1389 2336 mentibus

389 2370 435 2434 nil
456 2371 645 2434 transitoria
1067 2375 1163 2459 hujus
1187 2374 1345 2440 coelioolae

390 2475 517 2539 curavit
538 2473 674 2556 gaudia,
1067 2477 1154 2542 valle
1175 2478 1315 2562 miseriae

390 2577 500 2643 diviua
522 2576 641 2658 coluit,
1014 2582 1018 2592 '
1067 2599 1239 2664 precemur
1259 2581 1401 2662 veuiam,

389 2699 584 2766 corporum
606 2680 732 2762 habuit,
1068 2694 1103 2751 ut
1124 2687 1219 2752 uobis
1242 2685 1381 2768 gratiam
1506 2683 1511 2692 ’

388 2785 473 2848 viam
497 2783 610 2848 salutis
634 2784 744 2847 tenuit
1068 2791 1219 2876 impetret
1241 2791 1316 2856 laete
1339 2789 1495 2856 coelioam.

389 2973 588 3037 Restauraus
610 2979 724 3036 vetera
975 2971 1014 3037 15
1069 2977 1120 3047 sit
1142 2980 1227 3065 patri
1250 2980 1373 3065 gloria,

390 3096 462 3142 oum
484 3086 591 3141 mente
614 3076 733 3159 libera,
1068 3106 1130 3173 per
1152 3106 1247 3168 quem
1269 3084 1409 3150 victoria

390 3182 576 3265 templaque
597 3181 675 3244 vilia
1070 3186 1165 3252 datur
1188 3185 1339 3251 fidelibus

390 3285 469 3351 feeit
489 3284 596 3365 utilia,
1069 3289 1124 3356 bic
1144 3290 1357 3375 patientibus,

390 3409 452 3474 per
474 3387 595 3451 Christi
616 3386 755 3470 gloriam
1070 3395 1141 3459 laus
1164 3392 1235 3477 ejus
1254 3391 1322 3458 filio

392 3493 531 3558 divinam
554 3492 692 3574 gratiam
975 3494 1016 3559 20
1069 3499 1112 3563 ait
1130 3497 1310 3579 unigenito,

392 3600 508 3663 meruit
529 3598 582 3663 hic
604 3605 638 3662 et
659 3598 805 3681 patriam.
1068 3602 1174 3667 horror
1196 3606 1310 3666 sancto
1332 3601 1502 3684 paraclito.

480 3785 528 3840 lls.
547 3802 582 3840 au
599 3784 629 3840 S.
648 3783 720 3839 Paul
737 3784 766 3839 iu
784 3782 911 3839 Kiruteo
934 3782 989 3838 No.
1008 3786 1051 3837 57.
1075 3785 1110 3839 15
1127 3782 1225 3840 Jahrb
1249 3782 1299 3838 mit
1317 3782 1367 3838 der
1384 3780 1506 3838 llelodis
1526 3784 1590 3852 (A).
1624 3776 1687 3832 Bre-

392 3874 464 3928 viar.
483 3873 569 3929 Basil
588 3889 644 3928 ree.
665 3874 706 3926 15.
724 3868 775 3928 sol.
789 3872 824 3926 89
843 3871 908 3941 (Β).
943 3870 1082 3927 Dasselbe
1100 3869 1320 3943 Stropbeumass
1337 3871 1389 3927 but
1407 3868 1460 3926 No.
1480 3870 1541 3925 aab.

479 3999 514 4051 21
534 3995 579 4050 bic
596 3992 670 4052 l'elrlt
687 3997 719 4052 A.
755 3997 790 4049 22
808 4000 876 4067 post
893 4010 950 4049 sex.
978 3990 1008 4049 S.
1027 3992 1079 4049 llo.
1096 3994 1158 4062 966,
1177 3994 1222 4047 13.

738 4330 825 4405 965.
861 4329 920 4400 De
946 4355 976 4401 s.
1001 4328 1185 4401 Heiurico.
1226 4330 1350 4400 oratio.

393 4562 505 4649 Rogo,
528 4563 607 4628 felix
630 4581 650 4628 o
672 4558 840 4645 Heinrice,
1072 4559 1108 4623 lu
1131 4558 1284 4623 extremis
1307 4557 1500 4644 adjuvamen

395 4667 488 4733 auser
509 4667 611 4751 partis
633 4666 771 4731 iuimicm
1073 4670 1107 4727 el
1127 4662 1230 4727 ruiuae
1252 4662 1439 4727 relevamen

438 4770 532 4836 dolos
555 4788 595 4835 ac
616 4770 796 4853 fallaciam,
1115 4786 1215 4852 prece
1238 4774 1294 4832 tua
1316 4767 1439 4848 tribue,

396 4882 429 4940 et
450 4880 637 4939 cunctorum
655 4870 845 4938 delictorum
1073 4879 1107 4938 ut
1130 4870 1293 4956 conjuncti
1315 4872 1484 4937 beatorum
1649 4849 1686 4913 1⁰

394 4978 428 5042 iu
451 4975 514 5040 bac
533 4976 602 5041 vita
623 4964 865 5041 commissorum
999 4976 1018 5038 b
1072 4973 1152 5039 sorti
1174 4974 1207 5038 iu
1228 4991 1334 5057 reguo
1356 4972 1511 5038 cmlorum

438 5078 531 5144 uobis
552 5096 653 5163 poseo
675 5079 812 5145 veniam
1115 5078 1263 5143 latemur
1284 5083 1455 5162 perpetus.
