3892 6025
367 648 431 720 100

366 838 479 905 Crucis
503 838 694 923 supplicium
1045 839 1173 903 Nostris
1195 858 1280 904 nunc
1302 841 1454 923 precibus

366 944 484 1009 scimus
508 962 713 1026 perpessum,
950 946 993 1008 20
1046 958 1157 1004 omnes
1180 959 1349 1023 rogemus,

367 1048 471 1112 crucis
492 1048 679 1129 mysterium
1046 1051 1080 1107 ut
1101 1061 1161 1107 nos
1184 1044 1215 1106 in
1240 1045 1377 1125 patriam

365 1151 466 1234 pandi
489 1151 682 1231 verendum,
1046 1142 1194 1209 Christus
1219 1155 1372 1210 aeternam

365 1254 464 1335 inqua
487 1253 567 1317 deus
591 1260 702 1316 nostra
1045 1267 1106 1330 per
1128 1248 1200 1332 ejus
1218 1250 1333 1313 merita

366 1356 439 1421 tulit
461 1361 608 1438 peccata.
1047 1348 1144 1414 ducat
1166 1359 1242 1432 post
1263 1352 1370 1414 vitam.

366 1516 455 1583 Odor
479 1519 687 1583 suavissimus
951 1520 993 1581 25
1045 1515 1135 1580 Laus
1158 1518 1200 1580 sit
1223 1517 1321 1599 digua
1345 1518 1407 1583 deo

367 1629 417 1685 est
439 1620 501 1684 deo
524 1622 644 1701 iactus,
1048 1622 1119 1704 ejus
1142 1632 1175 1686 et
1197 1629 1273 1686 nato

367 1724 443 1788 dum
466 1724 576 1807 figitur
600 1726 705 1804 cruci,
1045 1726 1273 1809 pneumatique
1296 1734 1426 1806 sancto,

366 1828 481 1891 nolens
505 1827 616 1889 dimitti
1045 1829 1100 1891 uni
1125 1837 1158 1891 et
1181 1828 1264 1891 trino
1626 1830 1670 1893 to

365 1940 490 2013 martyr
514 1930 718 2012 dignissimus
1046 1946 1175 2012 semper
1194 1950 1255 2013 per
1277 1931 1384 1994 omnia

366 2033 492 2097 scandit
512 2033 554 2097 ad
579 2034 687 2097 coelos.
950 2034 992 2097 30
1045 2033 1174 2097 saecula.
1202 2054 1304 2097 amen.

453 2217 501 2271 Hs.
531 2234 565 2271 zu
593 2217 621 2272 S.
639 2218 710 2273 Paul
737 2217 764 2270 in
785 2218 910 2271 Kiirnten
937 2216 989 2270 No.
1008 2218 1049 2269 13.
1078 2217 1128 2271 des
1156 2220 1189 2269 15
1218 2217 1316 2272 dabri.
1344 2215 1472 2273 tot1ot.
1516 2222 1568 2277 Ein
1594 2222 1670 2276 alter

364 2310 488 2381 Hymnus
514 2327 564 2364 aus
593 2309 653 2364 dem
678 2311 784 2365 tioder
802 2313 818 2362 7
836 2309 949 2377 dahrh.,
982 2309 1082 2364 desseu
1101 2310 1228 2380 Sprache
1253 2312 1308 2365 und
1334 2311 1482 2367 Versmass
1507 2308 1670 2382 manigfach

363 2398 525 2452 verdorben
543 2398 650 2451 wurde.

452 2506 469 2556 5
488 2503 538 2558 hat
556 2503 617 2557 eine
636 2503 725 2573 Sylbe
743 2518 778 2556 au
795 2502 870 2571 viel;
888 2498 1034 2557 vielleicht
1052 2502 1109 2556 soll
1127 2518 1158 2555 es
1177 2502 1301 2557 heissen:
1320 2519 1375 2557 non
1395 2507 1478 2558 sonet
1497 2509 1604 2560 tantum
1623 2519 1665 2559 os.

365 2593 543 2648 ichristurn
561 2591 723 2660 uobiscum,
746 2592 794 2647 ils.
832 2592 999 2663 &quidquid
1017 2598 1073 2660 eet,
1098 2592 1155 2660 Ha,
1186 2610 1281 2664 gagen
1298 2595 1352 2648 deu
1372 2595 1452 2649 Vere.
1489 2597 1520 2650 11
1540 2593 1590 2647 hat
1607 2593 1670 2646 eine

364 2679 454 2750 Sylbe
472 2695 506 2733 ιιι
524 2678 596 2748 viel;
613 2696 677 2734 man
697 2680 801 2733 kduate
820 2681 887 2733 tuuc
906 2676 953 2735 tur
971 2681 1048 2733 tatem
1062 2684 1164 2733 senen.
1201 2682 1234 2734 13
1252 2680 1353 2752 dignus
1367 2681 1450 2735 laude
1464 2680 1602 2750 consistit,
1620 2680 1669 2735 Hs.

365 2769 400 2820 14
418 2767 485 2833 deo,
505 2766 552 2821 Hs.
603 2770 637 2819 15
655 2766 754 2821 besser
772 2769 850 2821 wiire
869 2766 1021 2821 advocans.
1074 2770 1109 2820 1⁷
1127 2768 1194 2835 rite,
1213 2769 1260 2823 He.
1288 2770 1360 2823 nach
1379 2770 1429 2823 der
1447 2771 1547 2840 Linque
1563 2774 1669 2825 rustico.

365 2854 399 2906 18
418 2853 536 2923 piscare,
555 2852 603 2907 Hs.
623 2853 694 2907 nach
713 2853 862 2907 derselbeu
876 2853 1010 2923 Spracire.
1046 2855 1082 2907 20
1101 2871 1182 2924 quem
1200 2855 1284 2922 reim„
1303 2855 1349 2909 Hs.
1384 2860 1418 2909 at
1439 2858 1602 2926 dumetae,
1621 2858 1669 2913 Hs.

364 2940 400 2995 26
421 2938 497 3006 deus,
517 2938 563 2993 Hs.
598 2941 633 2993 33
653 2940 680 2993 in
699 2936 771 2994 fehlt
790 2941 840 2995 der
858 2940 905 2995 Hs.
941 2943 977 2995 35
996 2948 1070 3013 post,
1088 2941 1136 2996 Hs.
1172 2944 1207 2996 39
1226 2942 1376 3014 pneumati,
1393 2943 1440 2998 lis.

600 3243 687 3316 693.
722 3241 877 3316 Andreae
902 3245 1054 3345 apostoli
1079 3244 1124 3316 ad
1150 3271 1244 3345 vesp.
1273 3245 1432 3346 hqmuus.

363 3448 489 3516 Exorta
511 3470 531 3514 a
552 3448 730 3514 Bethsaida
820 3451 821 3458 ’
1041 3446 1188 3512 Andreae
1211 3469 1284 3532 quac
1306 3449 1446 3533 apostoli
1627 3451 1668 3511 15

365 3553 509 3636 suscepit
532 3553 700 3618 luminaria
1042 3553 1167 3617 sancita
1189 3560 1241 3616 est
1258 3554 1422 3636 martyrio.
1528 3610 1531 3622 .

364 3657 397 3722 in
418 3656 516 3721 Petro
540 3665 637 3740 atque
659 3654 795 3723 Andrea

363 3759 527 3844 primitiva
552 3760 698 3825 ecclesia.
1041 3739 1164 3804 Nostra
1185 3740 1278 3804 Simul
1301 3740 1441 3805 ecelesia

1043 3842 1179 3906 resultet
1201 3842 1243 3906 ad
1264 3842 1337 3907 haec
1356 3843 1486 3926 gandia,

364 3947 452 4025 Quos
476 3957 545 4015 arte
567 3951 744 4033 piscatoria
873 3989 877 3998 ·
915 3943 921 3954 '
969 3953 988 4012 5
1044 3946 1183 4030 apostoli
1205 3966 1290 4011 nnnc
1311 3967 1418 4013 annna

363 4061 547 4134 quaerentes
570 4055 722 4118 victualia
1043 4067 1114 4114 cnm
1138 4049 1254 4115 recolit
1275 4050 1451 4114 sollemnia.
1625 4052 1667 4115 20

362 4155 496 4219 vocavit
518 4163 550 4219 ct
573 4157 737 4220 constituit

361 4257 482 4324 dhesus
508 4259 629 4342 piscari
651 4260 805 4324 homines.
1041 4238 1205 4307 Αθῐῐὶθῐῑῑῦ
1228 4243 1317 4307 cruci
1339 4241 1467 4308 funibus

1041 4346 1158 4429 dignus
1181 4345 1244 4410 deo
1268 4347 1434 4430 apostolus

360 4445 507 4513 Andreae
530 4447 615 4514 testa
637 4449 779 4532 gerimus
1040 4447 1205 4530 pendebat
1225 4448 1320 4511 vivus
1341 4448 1439 4513 biduo

360 4571 497 4634 eumque
520 4572 619 4638 prece
643 4553 831 4636 quaerimus,
947 4553 988 4618 10
1041 4547 1204 4614 Christum
1227 4548 1410 4632 praedicans
1432 4549 1564 4634 populo.

295 4681 300 4690 ·
360 4662 396 4720 nt
418 4655 491 4719 coeli
515 4674 587 4720 cum
610 4655 777 4739 clavigero

360 4756 513 4822 conciliet
535 4775 594 4821 uos
618 4755 755 4821 domino,
1040 4735 1110 4800 Nos
1133 4733 1219 4800 idem
1241 4733 1361 4801 Christi
1384 4738 1520 4804 samnius
1623 4739 1666 4802 25

1042 4859 1062 4903 a
1084 4837 1234 4902 vitiorum
1254 4839 1390 4904 nexibus

359 4941 518 5010 Exuitans
540 4943 656 5010 Patras
679 4945 795 5010 civitas
1042 4943 1149 5007 solvat
1171 4945 1364 5027 summisque
1387 4945 1510 5011 civibus

360 5049 485 5116 exultet
507 5068 578 5116 cum
600 5048 746 5134 AchaIa,
1040 5043 1220 5127 conjungat
1241 5044 1307 5109 suis
1329 5046 1490 5128 precibus.
