3892 6025
277 855 338 904 nos
359 841 396 901 ut
415 835 506 919 ipsos
527 850 717 919 superemus

277 943 336 1008 nui
357 957 487 1024 quoque
509 953 755 1022 conregnemus,
862 937 903 1000 10

276 1045 366 1130 apud
388 1042 553 1108 Christum
574 1041 747 1125 impetrato

276 1150 461 1214 interventu
482 1153 538 1211 tuo
560 1152 666 1228 grato.

278 1337 380 1404 Salve
402 1335 546 1402 oandens
567 1335 759 1420 margarita,

277 1443 311 1506 in
333 1437 456 1506 oorond
477 1439 567 1521 regis
589 1438 666 1519 sita,

279 1563 354 1627 ques
375 1543 408 1607 in
426 1541 503 1608 null
523 1541 705 1623 immortali,
863 1542 903 1604 15

278 1649 313 1712 in
335 1654 499 1712 conventu
520 1645 674 1727 virginali

278 1751 384 1816 looum
406 1757 500 1814 tenes
521 1754 742 1833 preparatum

278 1868 434 1936 sponsum
454 1849 549 1916 nobis
571 1849 627 1914 iao
647 1849 819 1933 plaeatum.

279 1953 381 2018 Salve
403 1960 518 2016 nostra
538 1949 725 2029 mediatrix,

279 2057 324 2120 sis
344 2073 407 2140 pro
428 2055 523 2119 nobis
545 2055 747 2136 impetn-utrix
862 2054 909 2117 20·

279 2157 368 2244 apud
391 2155 566 2237 Christum,
588 2155 644 2238 qui
665 2163 792 2221 tuorum

278 2264 312 2326 in
332 2261 496 2346 pressuris
518 2266 749 2343 tormentorum

280 2375 312 2430 te
335 2364 524 2430 confortans
544 2364 708 2444 visitavit,

278 2470 355 2534 item
378 2489 506 2554 qnoque
527 2488 644 2555 pessus
666 2469 734 2534 luit

1521 645 1586 711 277

956 831 1036 919 eje,
1059 839 1184 919 martyr
1191 881 1201 918 ,
1223 834 1357 900 visitare
1540 833 1584 897 25

956 943 992 1001 ut
1014 934 1177 1019 digneris,
1201 934 1344 1000 liberere

956 1055 1017 1103 nos
1038 1038 1071 1102 in
1094 1037 1301 1104 tribulatione

955 1158 1080 1208 memor
1100 1141 1213 1207 mortis
1235 1141 1269 1206 in
1291 1158 1413 1225 egone,

956 1244 1088 1328 quando
1111 1263 1221 1312 sumus
1244 1245 1424 1328 transituri,

957 1347 999 1412 de
1021 1346 1084 1414 heo
1105 1349 1173 1413 vitu
1195 1347 1371 1433 reddituri,
1542 1349 1584 1413 30

956 1459 993 1517 ut
1014 1452 1116 1536 ipsius
1139 1451 1283 1520 salutare

956 1555 1052 1621 nobis
1074 1555 1157 1620 velis
1179 1554 1371 1638 impetrare,

957 1665 1015 1723 eut
1035 1656 1123 1741 quod
1141 1657 1232 1743 juste
1254 1658 1449 1741 rogitemus,

957 1771 1013 1828 eut
1035 1780 1173 1827 neeesse
1194 1763 1404 1846 postulemus.

957 1862 1012 1931 Sis
1034 1881 1096 1949 pro
1117 1865 1212 1931 nobis
1236 1865 1414 1948 advocata,
1543 1867 1585 1930 35

956 1967 1171 2034 interventrix
1193 1984 1215 2032 o
1237 1970 1349 2050 beuta,

957 2069 1047 2134 utin
1070 2069 1194 2136 eunetis
1215 2068 1411 2153 adjuvamen

957 2169 1148 2252 sentiamus,
1171 2171 1373 2255 suspiramen

957 2273 1121 2342 Christum
1149 2276 1312 2342 dominum
1340 2286 1493 2344 nostrum.

1287 2401 1389 2446 nmen.

367 2655 415 2711 lie.
435 2671 470 2708 nu
487 2653 644 2710 liarlsrulre
670 2671 697 2710 o.
715 2651 769 2709 No.
788 2668 846 2710 von
866 2653 940 2708 1111).
958 2617 1033 2710 ohne
1048 2652 1232 2723 strophiselre
1250 2651 1423 2728 Abtheilung
1441 2655 1504 2726 (0).
1533 2655 1584 2713 Sie

278 2743 318 2798 ist
334 2742 553 2814 mosetentheils
571 2741 599 2795 in
617 2739 716 2796 italien
735 2739 929 2813 gemhrieben.
972 2739 1054 2796 Auel
1072 2739 1110 2794 im
1129 2739 1266 2797 Hortalus
1280 2742 1388 2810 anime,
1406 2741 1488 2812 lyon
1507 2743 1583 2798 1313.

278 2829 321 2886 Bl
339 2832 391 2886 133
409 2830 475 2901 (11),
493 2829 586 2885 worin
605 2828 675 2884 eber
692 2829 744 2884 das
762 2827 832 2883 died
848 2828 900 2883 mit
916 2826 950 2881 V.
969 2829 1004 2882 12
1022 2826 1164 2884 selliesst.

368 2951 490 3024 trirgo
510 2949 543 3006 ll
578 2950 758 3022 apresens.
796 2953 965 3006 ltutnmm
980 2947 1015 3005 ll.
1051 2950 1171 3025 tvirgu
1185 2947 1258 3006 lenit
1271 2950 1304 3020 ll,
1323 2961 1357 3006 ee
1370 2949 1403 3005 ll.
1439 2951 1580 3009 saonem

277 3055 356 3110 sape
375 3020 505 3111 queruli.
540 3041 574 3091 11
594 3038 773 3109 impetratum
792 3036 823 3094 (l.
859 3036 1222 3095 neustrianorum.
1260 3040 1294 3091 17
1313 3043 1410 3094 lenem
1429 3038 1457 3096 G.
1490 3040 1584 3096 loim-

278 3128 407 3198 perstrix
425 3128 455 3185 G.
490 3126 587 3197 24qui
609 3124 675 3183 ste
693 3127 723 3184 G.
758 3130 795 3181 27
812 3125 930 3183 visitare
948 3123 978 3181 G.
1013 3126 1292 3182 ³1sei1.retionen.

366 3304 398 3357 ln
422 3301 473 3357 der
491 3301 539 3357 lle.
557 3318 591 3355 nu
611 3301 720 3372 lisine,
744 3301 843 3358 Kertln
861 3300 915 3357 Nu.
934 3300 995 3356 380.
1023 3300 1065 3356 Bl
1082 3302 1127 3355 2³.
1155 3300 1232 3358 steht
1258 3317 1309 3357 uus
1336 3302 1397 3357 dem
1423 3304 1458 3358 11
1481 3301 1580 3359 luhrh.

279 3390 372 3446 dieses
392 3389 635 3460 Responeoriam:

350 3496 411 3550 Ave
429 3499 539 3565 martyr
556 3494 689 3566 egregie,

349 3596 412 3652 qum
429 3580 491 3652 poli
508 3578 603 3651 fulges
620 3580 716 3651 regia,

350 3685 404 3726 nos
421 3685 474 3742 per
492 3674 540 3725 tua
557 3666 695 3742 suffragia

351 3763 382 3814 et
402 3758 437 3829 (l
447 3758 500 3829 ud)
518 3762 680 3813 senatorum
697 3753 743 3813 ier
760 3754 892 3827 collegit

962 3494 1062 3551 Verere.
1081 3494 1139 3551 Ore
1156 3510 1211 3568 pro
1230 3496 1325 3565 nobie,

1080 3586 1181 3638 saneta
1197 3578 1345 3639 Dorotlee
1365 3585 1483 3655 nobilis,
1556 3640 1561 3649 ,

1080 3674 1112 3725 nt
1128 3668 1219 3727 hostis
1237 3670 1375 3727 terribilis

1080 3755 1229 3814 adversum
1248 3774 1300 3822 nos
1318 3758 1356 3815 sit
1374 3758 1483 3817 debilis.

368 3912 400 3968 ln
418 3913 470 3968 der
486 3912 656 3969 liunelnener
676 3912 724 3969 fle.
751 3910 820 3969 clm
837 3912 916 3967 3337.
941 3912 991 3967 dee
1010 3913 1044 3965 1³
1062 3910 1160 3968 lahrln.
1192 3913 1268 3969 steht
1294 3916 1366 3971 euch
1385 3917 1430 3972 ein
1447 3917 1516 3979 lied
1533 3916 1587 3975 auf

279 4001 359 4059 dieue
377 4000 489 4073 lleilige
506 4000 558 4055 mit
575 4000 637 4055 dem
656 3995 782 4070 Aniung:
801 3996 913 4054 Psallnt
930 4014 1051 4055 eoneors
1066 3999 1254 4071 ‚symphonia,
1286 4003 1412 4060 welches
1429 4006 1501 4063 nauh
1520 4006 1582 4063 dem

280 4088 480 4159 Wimbmger
497 4087 646 4146 minen
664 4070 711 4141 ini
729 4086 818 4157 Gropp
835 4084 932 4157 serint
952 4086 1134 4160 Wiroeburg.
1153 4090 1179 4157 2,
1198 4089 1250 4144 893
1268 4092 1410 4162 gedrnekt
1426 4094 1471 4149 ist

693 4407 782 4482 897.
814 4401 878 4479 Ad
904 4432 932 4479 s.
957 4405 1185 4479 Dorotheum.

278 4628 355 4697 Ave
377 4649 506 4714 gemma
527 4628 689 4711 virtuose,

277 4733 460 4817 Dorothea,
483 4750 625 4797 vernens
647 4748 739 4814 rose,

277 4837 406 4904 mundae
429 4837 506 4901 vitae
529 4844 644 4921 petens
667 4835 778 4920 glossa

277 4943 323 5009 sis
344 4959 406 5028 pro
430 4942 523 5006 uobis
544 4940 695 5024 speciosa

277 5044 492 5111 interventrix
512 5041 665 5125 gloriose

955 4610 1124 4695 uniones
1146 4624 1277 4692 cnuto
1299 4634 1409 4711 gau,

956 4726 1149 4793 affliotomm
1172 4728 1335 4794 adnuente

956 4838 991 4895 et
1013 4830 1156 4914 adjutrix
1179 4833 1224 4895 sis
1246 4840 1381 4916 voeate,

957 4942 994 5000 ut
1012 4934 1158 5000 detentus
1181 4945 1216 5001 et
1236 4944 1374 5021 peecata

884 5042 905 5103 5
955 5057 1018 5125 per
1040 5048 1072 5106 te
1094 5040 1189 5106 nobis
1212 5040 1276 5105 sint
1294 5040 1413 5106 ublate.
