3892 6025
675 1033 784 1108 116&
823 1033 882 1105 Dc
907 1033 1107 1105 inventione
1134 1056 1161 1104 s
1186 1028 1370 1128 Stephani.

371 1242 459 1309 Deus
482 1243 633 1325 deorum,
657 1243 797 1326 dominc,
1049 1234 1122 1301 Jam
1146 1241 1368 1321 protomartyr
1390 1233 1574 1321 Stephane,

372 1365 433 1410 rex
455 1345 662 1431 sempiternae
685 1345 817 1428 glorias,
1048 1361 1166 1428 preces
1189 1342 1326 1408 devotas
1350 1345 1476 1427 accipe,

371 1469 432 1513 rex
455 1450 645 1514 invictorum
668 1450 816 1532 militum,
1050 1447 1166 1529 quibus
1187 1465 1249 1531 per
1271 1454 1303 1510 te
1326 1465 1386 1511 uos
1409 1467 1593 1530 quaesumus

372 1570 503 1618 carmen
525 1553 643 1620 exaudi
665 1555 855 1638 supplicum.
1049 1550 1113 1616 deo
1134 1551 1261 1636 placari
1283 1551 1418 1617 caelitus.
1631 1554 1678 1616 20

374 1717 476 1782 'l’erra
499 1725 615 1801 tegens
638 1717 877 1804 absconditum¹
1050 1714 1151 1794 Quem
1173 1733 1235 1799 pro
1253 1717 1518 1800 persecutoribus

373 1820 478 1886 dulcis
501 1821 645 1885 thesauri
667 1821 824 1905 pretium,
1049 1817 1244 1886 exaudiebat
1270 1819 1432 1904 domiuus,

372 1924 505 1988 invento
528 1931 770 2006 protomartyre
1049 1929 1082 1986 et
1104 1917 1166 2005 pr'o
1188 1922 1254 1985 tuis
1273 1921 1474 2006 supplicdrus

371 2027 490 2092 mundo
513 2026 621 2092 reddit
644 2046 735 2110 spem
757 2023 882 2108 gloriae.
1049 2023 1202 2090 exaudiet
1223 2025 1393 2109 propitius.
1514 2028 1516 2030 ’

371 2188 490 2254 Omnes
513 2189 815 2279 devotcimartyres
1048 2185 1180 2270 Vosque
1199 2187 1314 2274 juncto
1336 2187 1532 2275 Nicodemo,
1631 2192 1679 2255 25

369 2291 501 2356 laudate
522 2299 818 2374 protomartyrem,
884 2330 887 2337 ι
1049 2289 1206 2374 Gamaliel
1228 2301 1262 2357 et
1283 2291 1414 2378 Abibo,

368 2394 487 2458 vostris
511 2393 628 2476 diguus
651 2401 683 2458 et
705 2392 869 2474 laudibus,
1047 2410 1109 2477 pro
1125 2381 1196 2457 'line
1219 2394 1290 2459 sine
1311 2395 1501 2460 excessibus

368 2497 471 2561 vestri
494 2495 559 2562 dux
583 2495 661 2563 belli
682 2495 833 2580 praevius.
1047 2493 1145 2559 linem
1166 2513 1232 2570 uon
1255 2495 1331 2560 date
1354 2497 1516 2581 precibus.

370 2659 516 2726 [tonatur
537 2661 660 2745 primus
682 2657 795 2724 lauret
1048 2659 1180 2726 Summo
1202 2664 1331 2749 parenti
1353 2663 1459 2746 gloria

368 2764 403 2828 iu
425 2765 496 2828 acie
520 2764 695 2847 dominica,
993 2845 997 2854 Ι
1047 2773 1188 2848 natoque
1211 2767 1282 2832 laus
1304 2787 1401 2850 quam
1422 2767 1563 2834 maxima
1630 2770 1677 2834 30

371 2886 464 2950 quem
487 2876 685 2951 prostratum
708 2866 870 2952 lapidibus
954 2866 993 2927 15
1048 2887 1119 2933 cum
1143 2877 1256 2935 sancto
1279 2871 1321 2935 sit
1342 2871 1516 2955 spiramine

368 2967 423 3034 dei
443 2971 621 3055 assumpsit
642 2968 736 3035 lilius.
1047 2968 1132 3036 nnuc
1154 2981 1188 3036 et
1210 2992 1271 3055 per
1293 2990 1388 3038 omna
1409 2972 1571 3041 saeculnm.

455 3154 503 3210 m.
524 3118 919 3215 rublmchen'clru.1uott.
942 3154 993 3210 aa
1012 3156 1046 3209 m
1062 3155 1161 3211 saura
1187 3159 1260 3227 (a),
1297 3158 1343 3213 oo
1369 3159 1451 3215 near
1477 3156 1498 3215 s.
1528 3160 1584 3232 (n)
1617 3161 1677 3216 rna

367 3242 465 3297 Daniel
482 3245 506 3311 1,
523 3245 577 3299 289
595 3244 659 3313 (D).
694 3243 822 3299 Breviar.
841 3242 986 3300 Constant.
1003 3259 1062 3299 von
1079 3246 1157 3298 1495.
1176 3241 1264 3301 1351
1284 3247 1346 3317 (li).

457 3368 471 3419 1
492 3371 603 3423 tuorum
621 3364 641 3422 f.
659 3367 736 3423 deor.
756 3368 788 3423 h
815 3369 833 3423 3
851 3366 1021 3423 invictorum
1039 3383 1120 3438 quam
1137 3368 1169 3438 ll,
1187 3368 1289 3424 besser
1306 3402 1338 3412 -
1355 3386 1416 3441 que.
1442 3370 1461 3424 5
1478 3370 1675 3425 thesaurusll.

367 3453 386 3508 8
412 3453 514 3524 gratie
545 3454 599 3509 Bl).
654 3457 670 3509 9
697 3454 794 3511 devoti
820 3454 898 3511 BDE.
952 3456 987 3509 12
1014 3455 1166 3526 assumpsit
1193 3456 1238 3511 dei
1262 3452 1338 3512 filius
1355 3458 1387 3514 ll.
1441 3458 1617 3529 teporatur
1635 3458 1675 3512 Α.

370 3542 475 3595 13-16
494 3538 589 3597 iehleu
607 3542 637 3597 Ε.
674 3544 709 3596 19
727 3543 877 3613 quaerimus
894 3542 925 3597 Ε.
961 3544 997 3597 23
1014 3543 1073 3598 suis
1092 3543 1123 3612 Ε,
1141 3544 1303 3615 propiccius
1322 3542 1476 3615 supplicius
1495 3545 1528 3600 Α.
1563 3545 1676 3599 25-32

368 3623 464 3684 fehlon
482 3628 512 3683 Ε.
548 3630 583 3685 26
596 3629 709 3685 Abibon
721 3631 803 3687 aab.
839 3632 875 3685 27
892 3645 947 3703 pro
962 3629 1061 3700 populi
1074 3627 1235 3687 excessibus
1254 3632 1309 3686 Bm
1328 3632 1381 3686 ,29
1394 3630 1447 3686 deo
1461 3632 1539 3701 patri
1549 3637 1602 3687 etc.
1613 3630 1675 3687 ΑΕ.

367 3716 402 3771 31
421 3715 534 3773 hessos:
553 3717 702 3788 paraclito.
739 3720 775 3773 32
792 3719 906 3773 besser:
925 3718 954 3771 iu
970 3718 1046 3773 omui
1062 3710 1178 3774 saeculo.
1525 3712 1539 3731 ⁸

455 3822 588 3915 hinnulus
602 3862 746 3932 Stropheu
766 3862 858 3917 dieses
871 3859 971 3915 liedes
990 3859 1107 3915 worden
1125 3863 1197 3939 auch
1211 3860 1384 3932 verwendet,
1403 3876 1449 3915 um
1467 3860 1571 3915 datam
1589 3860 1674 3916 einen

369 3946 493 4018 Hymnus
511 3948 566 4005 aui
579 3950 636 4005 alle
654 3948 783 4022 lleiligen
802 3965 837 4004 uu
854 3947 978 4004 machon
1014 3950 1044 4006 S.
1063 3949 1135 4005 oben
1155 3948 1183 4006 S.
1203 3951 1243 4005 18.

561 4253 669 4327 1164.
704 4222 987 4325 Dcinventiono
1008 4276 1035 4325 s.
1059 4250 1240 4350 Stephani.
1262 4254 1471 4351 sequeutia.

366 4452 556 4521 llxultemus
579 4462 613 4519 et
634 4454 803 4519 laetemuur
1042 4450 1087 4519 Ut
1108 4465 1169 4537 per
1189 4472 1248 4517 eos
1269 4461 1446 4518 renovetur

366 4577 407 4627 ao
428 4560 461 4625 in
484 4558 547 4625 deo
569 4559 762 4643 gloriemur,
797 4560 800 4567 ’
1042 4556 1139 4622 bomo
1160 4564 1256 4623 vetus
1277 4564 1311 4623 et
1332 4556 1494 4623 formetur⁴

409 4659 463 4743 qui
485 4674 537 4725 est
559 4678 640 4725 vora
660 4661 785 4745 gloria,
1085 4661 1120 4725 iu
1141 4660 1295 4727 cordibus
1316 4661 1456 4743 caritas,

366 4821 431 4889 Per
449 4841 544 4906 quom
566 4826 660 4893 uobis
682 4834 758 4893 suut
779 4786 868 4895 beati
1042 4822 1085 4889 Et
1106 4842 1159 4888 vm
1182 4820 1304 4907 duplex
1327 4820 1490 4904 doleatur,

364 4924 429 4991 bac
449 4927 482 4991 in
504 4925 559 4993 die
581 4930 719 4995 revelati
968 4932 989 4995 5
1041 4945 1118 4992 rore
1140 4926 1215 4992 ooeli
1236 4934 1474 5011 conspergatur

405 5030 510 5097 sancti
531 5032 630 5118 plena
652 5036 777 5120 gratia,
1085 5042 1206 5101 nostrae
1228 5042 1327 5100 terra
1350 5035 1489 5101 siccitas.
