3892 6025
1535 663 1601 730 313

361 845 544 914 Luoernaru'
564 865 661 912 manu
683 843 850 911 ardentem
1037 844 1130 912 Nune
1153 847 1271 913 eandet
1293 849 1377 914 inter
1399 851 1466 917 lilia

363 953 515 1018 invenisti
537 959 708 1017 tenentem.
1037 965 1157 1015 ornans
1179 950 1383 1017 saeerdotum
1405 955 1544 1040 agmina,
1578 945 1583 954 ’

1037 1053 1122 1118 iuter
1142 1053 1271 1118 numina
1293 1053 1443 1138 angelica

294 1145 325 1208 8.
355 1141 430 1209 Jum
453 1151 508 1208 tua
529 1140 651 1225 gaudis
672 1140 819 1222 intravit,
1034 1155 1153 1239 jubilat
1174 1155 1315 1240 01]οιοᾗ0,
1553 1161 1595 1223 40

362 1265 468 1330 „euge
490 1241 608 1325 lsb‘1“‚
629 1244 728 1310 bodie
749 1243 883 1326 audivit,

359 1365 432 1412 eum
449 1347 619 1431 pecuniam
633 1365 705 1412 uum
719 1345 811 1412 luoro
876 1347 920 1410 35
973 1350 1003 1412 3.
1036 1347 1129 1414 lluuo
1151 1348 1244 1414 nobis
1265 1347 1344 1412 siste
1366 1347 1543 1431 fautorem,

362 1451 436 1533 tibi,
460 1470 534 1531 rex,
556 1450 704 1515 restituit
1037 1459 1070 1516 te
1092 1447 1231 1534 petimus
1253 1460 1429 1516 auctorem.

305 1667 309 1672 .
379 1621 411 1678 lu
431 1623 580 1680 derselbeu
596 1625 645 1680 ils
662 1624 706 1680 ltl.
725 1627 749 1680 7.
768 1640 819 1681 aus
837 1626 967 1700 gleisher
985 1630 1055 1699 Zeit,
1074 1629 1123 1684 mit
1141 1629 1193 1683 den
1214 1627 1401 1684 llusilruoteu.

603 1978 690 2053 939.
725 1981 786 2054 lte
809 2007 837 2053 s.
863 1979 1088 2054 Gebelrardo.
1124 1980 1283 2080 hymnus.

290 2213 391 2282 Plebs
412 2235 524 2303 rumpe
548 2221 657 2287 oordis
679 2223 787 2288 nubila
868 2209 874 2220 ’
970 2221 1025 2302 qui
1049 2225 1146 2302 eaput
1167 2217 1343 2282 beatissimi

291 2329 327 2384 et
347 2337 430 2415 uooe
453 2322 544 2388 olara
560 2323 668 2407 jubila
968 2322 1131 2408 pontificis
1155 2323 1305 2404 Gregorii

290 2432 326 2488 et
348 2425 420 2490 sole
437 2426 509 2508 jam
530 2429 671 2512 insignia
702 2461 706 2468 ·
968 2427 1099 2509 agiliter
1121 2425 1282 2490 deduxisti

291 2525 479 2593 Gebebardi
501 2531 684 2614 sollemnia,
969 2530 1185 2613 scindensque
1208 2529 1337 2595 llumiua
1359 2528 1449 2595 Pudi.

290 2650 386 2713 quem
409 2631 490 2697 deus
511 2637 554 2698 ab
580 2635 715 2700 infantia
896 2638 916 2699 5
1108 2707 1110 2712 ,

289 2751 350 2800 flua
372 2735 515 2818 perfudit
536 2723 660 2820 gratia,
968 2718 1112 2803 Praesul,
1135 2737 1275 2786 Summus
1298 2717 1397 2803 opillo

291 2834 333 2898 de
355 2855 419 2917 qua
440 2837 536 2920 plura
557 2836 701 2902 remedia
969 2823 1010 2887 dd
1034 2822 1140 2888 carnis
1160 2823 1230 2907 jam
1253 2821 1420 2905 ergastlsso
1492 2857 1495 2863 ·

291 2937 418 3002 conlert
440 2939 507 3001 suis
527 2939 561 3002 iu
583 2941 698 3004 mania.
969 2933 1002 2990 ‘⁰
1025 2927 1230 3004 ⁹d¹¹¹itss¹¹¹¹¹
1249 2926 1371 3010 J'ubilo,

967 3042 1001 3095 te
1024 3031 1193 3097 laudamus
1215 3050 1286 3097 ounr
1310 3031 1454 3112 cantico,

289 3126 351 3192 Cui
373 3127 529 3195 fabricam
552 3128 751 3196 Constantia
967 3144 1002 3199 ut
1024 3155 1205 3201 mereamur
1227 3154 1299 3201 oum
1321 3135 1410 3217 ipso,

287 3229 449 3295 revelavit
469 3230 603 3297 uris-iliee
874 3239 915 3302 10
967 3237 1060 3321 eujus
1082 3257 1219 3320 reguum
1241 3236 1401 3321 principio

288 3336 376 3401 etin
399 3336 557 3400 oolumbae
579 3338 690 3420 speeie
967 3346 1058 3404 oaret
1081 3342 1166 3404 omui
1188 3340 1304 3420 exilio,

290 3439 442 3523 dignatus
465 3446 516 3503 est
538 3440 711 3506 ostendere
966 3460 1107 3523 regnare
1130 3442 1200 3507 siue
1221 3441 1368 3505 termino.

289 3544 397 3609 locum
421 3543 492 3627 ejus
515 3544 707 3627 sepulturae,
1129 3532 1133 3541 ’

288 3646 344 3709 ubi
366 3646 471 3728 fulget
493 3646 683 3726 clarissime,
965 3628 1117 3712 Athletu,
1141 3632 1182 3694 ab
1204 3630 1306 3693 hostis
1329 3646 1438 3725 morsu

288 3748 380 3811 velut
402 3748 511 3830 lulgor
533 3749 692 3832 galaxiae,
875 3753 913 3813 15
965 3732 1105 3799 defende
1129 3748 1188 3797 ¹¹⁰⁸
1211 3740 1244 3796 03
1266 3752 1285 3795 ³
1308 3731 1418 3816 ¹³P⁸¹¹r
1490 3734 1495 3744 ⁸

287 3850 321 3913 in
345 3851 420 3915 1000
442 3852 515 3933 ejus
537 3852 681 3917 fabrioae,
965 3859 1007 3904 ne
1030 3856 1089 3903 nos
1112 3854 1173 3921 pro
1196 3845 1308 3900 nostro
1330 3844 1424 3899 reatu

965 3942 1106 4007 deducat
1129 3959 1237 4006 seourn
1261 3960 1331 4005 oum
1354 3942 1456 4020 luctu,

287 4027 354 4122 Tu,
371 4060 472 4105 serve
495 4043 585 4125 regis
607 4044 738 4128 superui
965 4043 1024 4110 sed
1047 4052 1081 4107 tu
1101 4044 1134 4107 in
1157 4042 1267 4106 mortis
1289 4042 1457 4125 procinctu

286 4151 321 4206 et
344 4142 501 4228 splendor
523 4144 606 4209 aulae
630 4143 774 4231 Olympi,
965 4144 1104 4211 delendo
1128 4147 1169 4209 ab
1193 4144 1294 4208 bostis
1317 4151 1403 4207 metu

285 4266 329 4311 ne
352 4246 594 4332 demergamur,
617 4252 767 4331 subveni,
963 4257 999 4315 ‘et
1020 4268 1079 4315 nos
1103 4258 1207 4315 teoum
1230 4248 1306 4312 laeto
1328 4246 1419 4310 vultu

286 4368 309 4414 a
331 4352 478 4435 proeella
501 4352 598 4435 bujus
619 4356 747 4437 muudi;
870 4360 913 4424 20
964 4355 1071 4441 deduo
1092 4355 1123 4423 in
1142 4354 1255 4437 polum
1278 4371 1349 4419 oum
1371 4350 1497 4435 plausu.
1545 4349 1588 4413 lo

374 4553 625 4611 Salmanusweiler
648 4555 696 4611 lis.
721 4574 756 4612 su
779 4558 951 4631 Heidelberg
978 4562 1010 4629 9,
1028 4560 1072 4615 lx.
1101 4574 1152 4613 aus
1174 4558 1235 4613 dem
1259 4554 1409 4611 tesauro.
1446 4552 1502 4607 Das
1521 4550 1588 4605 Lied

286 4640 599 4785 gffssssnussezeaffl
620 4644 746 4701 Vuealeu
772 4644 821 4702 des
848 4646 1020 4721 Alpbabets,
1052 4645 1121 4719 jede
1149 4646 1274 4717 Stropbe
1302 4643 1333 4697 iu
1358 4642 1447 4696 eiuem
1474 4637 1586 4695 anderu.

372 4852 463 4920 equi,
479 4852 528 4908 lls.
570 4854 839 4924 torrerentur.
884 4861 917 4912 17
935 4862 966 4913 tu
983 4872 1044 4930 reg.
1063 4857 1148 4929 regis,
1167 4856 1213 4911 lla.
1262 4844 1586 4909 31bessereritiomr

284 4937 368 5007 exitu,
386 4937 471 4997 Eude.
505 4942 541 4996 37
558 4956 610 5013 pre
628 4942 729 5014 einata,
746 4944 795 5001 lls.
