3892 6025
353 595 418 660 208

445 778 463 829 4
490 790 573 845 quam
598 776 631 830 B.
684 777 701 828 5
729 779 759 830 et
785 773 865 846 prud.
889 773 957 843 ΑΒ,
994 786 1087 844 gesen
1115 770 1165 828 das
1189 771 1347 827 Veremssr.
1401 775 1436 828 lt)
1456 776 1485 830 iu
1504 783 1586 849 temp.
1603 779 1660 835 ΑΒ.

355 864 680 921 12-1thabenin13
704 878 807 935 greum
830 859 1143 932 Anfngebuclrstaben.
1180 863 1215 916 15
1238 859 1379 916 conclusit
1396 863 1460 932 ΑΒ,
1490 881 1583 936 gegen
1604 866 1659 922 den

356 955 437 1009 Vere.
473 951 785 1007 16-25wie12-1u
820 952 855 1005 22
874 949 1007 1005 transivit
1024 950 1080 1004 AB.
1115 950 1365 1006 aureaevallis.
1401 951 1437 1006 30
1454 955 1483 1006 et
1501 967 1577 1006 cene
1592 967 1658 1008 ocn-

355 1045 446 1099 lcrnm
464 1043 521 1097 ΑΒ.
557 1043 590 1096 31
611 1045 640 1094 et
658 1039 728 1095 amb.
748 1037 805 1094 ΑΒ.
842 1038 1058 1094 acoemetas.
1093 1041 1128 1092 ts
1147 1035 1202 1096 luit
1218 1040 1276 1095 ΑΒ.

771 1346 857 1421 819.
888 1348 947 1417 De
975 1341 1244 1464 siugulatim.

356 1586 433 1652 Ave
456 1584 634 1670 apostolice

359 1714 379 1759 o
401 1693 452 1756 vir
474 1687 673 1773 Augustino,

359 1815 553 1863 succurrens
576 1793 746 1859 catholicae

358 1900 434 1965 fidei
457 1899 575 1964 ruinae!

358 2002 465 2068 fraudi
487 2001 657 2066 diabolicae

358 2124 424 2172 nnn
446 2125 497 2169 me
520 2104 616 2170 subdi
637 2104 723 2186 aine,

359 2209 418 2273 sed
436 2209 559 2293 jungas
583 2209 742 2292 angelicae

359 2313 437 2377 vitae
460 2313 530 2375 sinc
553 2310 627 2375 linc.

359 2499 436 2568 Ave
455 2500 679 2584 evangelicam

358 2607 544 2692 predicans
568 2606 763 2686 doctrinam,

359 2711 545 2796 peripsam
569 2709 751 2792 angelicam

360 2821 527 2879 restauras
549 2814 692 2878 minam:

362 2937 444 3002 ergo
467 2917 545 2981 mihi
570 2915 718 2982 coelicam

361 3021 475 3087 center
496 3019 701 3102 medicinam,

360 3124 476 3188 intrem
499 3123 694 3189 diabolicam

362 3246 403 3291 ne
426 3226 555 3309 qnando
578 3226 765 3292 doctrinam.

362 3416 438 3483 Ave
460 3416 716 3501 Hipponensium

364 3523 418 3605 qui
440 3522 574 3585 antistes
597 3521 702 3586 lactus

364 3642 415 3707 es,
441 3620 673 3707 pontificalium

359 3728 439 3813 jura
463 3726 561 3810 digne
583 3734 714 3792 nactus:
946 3726 988 3789 20

1036 1583 1078 1648 ad
1100 1583 1178 1648 nihil
1200 1605 1261 1668 per
1280 1587 1391 1652 vitium

1037 1689 1091 1771 qui
1113 1708 1182 1753 sum
1204 1690 1269 1756 heu
1291 1691 1459 1777 redactus,

1037 1792 1100 1858 duc
1123 1792 1165 1856 ad
1187 1795 1264 1860 vitae
1287 1796 1432 1862 bravium

1037 1916 1088 1960 me
1111 1916 1172 1980 per
1194 1897 1266 1981 pios
1289 1905 1389 1963 actus.
1475 1889 1479 1896 ’

1038 2085 1114 2152 Ave
1136 2086 1264 2168 fulgens
1286 2087 1385 2152 lilium

1038 2193 1115 2256 vitae
1138 2194 1325 2274 sanctitate,

1040 2298 1208 2381 exemplar
1228 2297 1390 2362 humilium

1040 2400 1126 2465 dulci
1148 2407 1357 2483 paupertate,

1038 2505 1151 2587 praebe
1173 2505 1401 2588 patrocinium,

1039 2626 1081 2670 ne
1104 2604 1273 2688 disjungar
1296 2626 1317 2670 a
1339 2613 1389 2684 te,

1039 2708 1099 2774 sed
1122 2717 1155 2773 te
1180 2727 1299 2792 sequar
1321 2707 1479 2792 praevium

1039 2829 1163 2876 morum
1185 2811 1357 2893 gravitate

1040 2998 1131 3083 Ave,
1154 3001 1209 3084 qui
1230 2995 1368 3067 feliciter

1040 3108 1135 3172 volas
1158 3104 1200 3172 ad
1222 3124 1379 3190 superna,

1041 3229 1093 3273 me
1114 3209 1202 3274 celat
1226 3210 1411 3273 memoriter

1041 3322 1096 3379 tua
1118 3332 1209 3378 mens
1231 3322 1384 3398 paterna,

1040 3424 1148 3499 tuere,
1171 3416 1357 3499 perenniter

1041 3540 1083 3583 ne
1106 3527 1214 3603 petam
1236 3518 1378 3602 inlcrna,

1042 3640 1223 3705 consequar
1245 3622 1305 3687 sen
1327 3623 1466 3689 dulciter

1042 3724 1162 3808 gaudia
1184 3735 1317 3791 aeterna
1354 3746 1456 3792 amen
1501 3763 1504 3771 ·

454 3908 504 3964 m.
518 3926 554 3965 zu
568 3908 706 3965 usnemu
723 3925 780 3965 von
798 3909 959 3981 rmum
976 3906 1030 3963 uo.
1050 3874 1128 3962 isca.
1145 3907 1214 3965 cm.
1235 3910 1329 3965 rasas.
1349 3910 1398 3967 aas
1419 3914 1451 3967 ιι
1469 3912 1566 3968 amru.

452 4033 598 4107 ljmgat,
617 4032 664 4089 lla.

457 4165 568 4223 lliemm
585 4162 750 4221 timeliede
766 4161 850 4216 larsa
862 4160 910 4216 lclr
927 4159 974 4215 ein
991 4158 1247 4216 nielerlimlieclrea
1265 4157 1372 4232 seiger.

832 4338 888 4407 An
901 4342 995 4405 sinte
1015 4335 1204 4426 Augustijn.

364 4502 393 4556 lc
411 4504 512 4573 grcetc
532 4500 578 4566 hu,
597 4498 683 4553 lreere
702 4496 774 4551 sinte
793 4493 955 4569 sugnens,

365 4589 410 4643 lie
428 4587 458 4642 in
475 4584 584 4643 Alirilre
602 4588 678 4638 wert
695 4582 849 4654 glaebarum,

366 4675 525 4749 glrelettert
541 4673 570 4727 in
588 4671 623 4726 de
641 4677 701 4726 wat
718 4669 825 4745 neieijn

366 4782 400 4821 ec
415 4779 497 4819 eeera
512 4762 583 4818 entle
597 4761 746 4818 heidetsc
755 4776 836 4817 ceere
845 4775 994 4831 vercoren,

367 4851 417 4908 tat
435 4850 523 4906 ander
541 4848 619 4905 leere
636 4868 656 4905 ιι
673 4849 776 4906 ‹lechte
793 4848 939 4905 verlcren.

369 4998 413 5053 lin
430 4998 522 5072 goede
541 4998 665 5069 moedau,
684 4998 729 5054 die
747 4997 886 5056 llcneelra
902 4996 970 5066 hiet,

1045 4492 1160 4549 weende
1179 4494 1334 4566 meneglren
1353 4499 1434 4550 traen
1452 4494 1521 4551 rlaer
1540 4512 1629 4553 omme

1046 4580 1115 4638 ende
1134 4582 1229 4639 altncs
1247 4584 1285 4637 lru
1302 4582 1416 4641 minlilre
1434 4584 1503 4654 rint,

1047 4676 1076 4727 te
1093 4673 1243 4744 vcuglrene
1261 4674 1370 4729 t’cnsen
1388 4673 1605 4729 kerstinrlcmme

1047 4758 1118 4815 ende
1134 4764 1162 4815 te
1181 4760 1339 4831 ghelcvene
1356 4776 1393 4817 an
1410 4762 1577 4819 lhesnmnre.

1047 4909 1121 4966 Erus
1139 4908 1230 4965 laesdi
1247 4910 1319 4967 sinte
1337 4911 1492 4967 Anthuenis
1511 4911 1595 4967 leven

1048 4994 1117 5051 ende
1136 4995 1285 5053 ‹laermerle
1304 4999 1399 5055 wcrrli
1415 4998 1533 5056 bekeert
