3892 6025
515 1037 601 1111 726.
637 1037 803 1137 Hymnus
830 1037 923 1113 des.
949 1040 1077 1115 Marco
1102 1042 1328 1143 evangelist&

421 1243 530 1310 nater
551 1242 609 1308 illa
629 1244 723 1328 prole
746 1241 907 1325 quondam
930 1244 1011 1309 loetu
1027 1245 1108 1311 felix
1128 1245 1267 1331 Suevia,

422 1367 487 1430 qua
509 1344 674 1411 Ratoltum
695 1347 882 1431 procreavit
904 1348 937 1411 iu
959 1348 1097 1413 odotem
1120 1350 1253 1433 civium,

423 1468 488 1534 quo
509 1470 570 1535 per
594 1468 699 1514 aevum
721 1448 888 1515 effloreret
907 1451 982 1535 ipso
1004 1459 1098 1537 patre
1120 1454 1246 1536 patriae.

422 1635 549 1702 Praesnl
570 1636 641 1721 ipse
664 1634 738 1701 dum
762 1634 903 1701 Veronae
927 1636 1051 1703 civitati
1072 1638 1220 1722 praeluit,

420 1739 470 1805 sic
490 1738 636 1822 gerendo
659 1740 823 1804 serviebat
845 1742 997 1807 soeculari
1018 1741 1144 1824 debito,

421 1850 459 1907 ut
480 1844 628 1927 supernis
650 1844 823 1909 interesset
845 1852 952 1911 mente
975 1864 1106 1930 semper
1127 1845 1264 1929 gaudiis.

419 2032 497 2119 lpse
518 2032 647 2097 flamna
669 2032 813 2096 caritatis
834 2032 916 2097 iuvit
938 2050 1050 2099 omnes
1072 2036 1259 2119 proximos,

419 2137 495 2221 plus
517 2134 653 2200 seduci
676 2134 775 2199 corde
798 2133 865 2200 fido
887 2136 991 2222 stirpe
1013 2137 1077 2203 civi
1101 2137 1233 2203 Veneto

420 2238 576 2321 singulari
600 2238 691 2323 pacis
713 2237 808 2303 haesit
829 2239 1017 2306 irremissus
1038 2240 1179 2307 vinculo.

418 2428 557 2510 Jamque
580 2443 689 2491 secum
713 2425 919 2491 conferentes
939 2430 1044 2492 verba
1065 2435 1175 2492 mutua

420 2532 648 2616 provocabant
669 2528 873 2611 alterutrum,
896 2548 979 2595 voce
1001 2536 1086 2594 teste
1109 2529 1269 2613 prodere,

420 2638 516 2722 quale
540 2657 693 2701 summum
717 2655 830 2701 munus
851 2637 935 2701 alter
953 2635 1176 2703 commodaret
1197 2638 1300 2703 elteri.

418 2826 501 2893 Haec
522 2826 657 2912 receptd
678 2826 865 2911 postulandi
887 2827 1020 2911 optione
1040 2828 1189 2912 pontifex

421 2940 648 3015 comprecatus
671 2938 721 2993 est
743 2948 910 2995 sacrorum
932 2938 1028 3014 grata
1051 2930 1138 2995 dona
1160 2932 1349 3018 pignerum,

418 3034 581 3100 aestimata
603 3035 811 3116 congruentis
835 3035 1013 3116 quantitate
1035 3036 1142 3119 pretii

419 3173 599 3309 Aequora
621 3221 705 3286 ficus
726 3223 782 3286 ine
803 3223 947 3308 pannon
969 3226 1096 3309 meru,

420 3335 535 3394 cuncta
558 3325 724 3411 spondens
746 3343 782 3390 se
805 3334 937 3410 patrare
960 3335 1040 3412 apte
1062 3329 1148 3394 votis
1169 3329 1254 3395 illiue

417 3432 452 3496 in
474 3449 608 3497 recursu
630 3430 776 3496 annualis
798 3429 952 3496 denotato
975 3434 1139 3518 temporis.

420 3589 637 3703 Sicuterque
659 3621 735 3686 hinc
756 3629 899 3686 remotus
922 3639 958 3685 se
981 3623 1108 3706 recepit
1128 3623 1163 3686 in
1184 3641 1244 3688 sua

418 3743 611 3810 praeparans
634 3744 670 3790 se
693 3724 735 3789 ad
758 3725 869 3788 statuti
890 3725 1089 3790 sanctionem
1111 3729 1266 3811 muneris,

419 3849 461 3894 ne
483 3829 561 3912 quid
583 3831 646 3894 illis
669 3831 703 3894 iu
724 3829 885 3912 promisso
907 3828 1102 3896 redderetur
1124 3832 1259 3896 irritum.
1344 3885 1349 3892 .

418 4015 506 4084 Ecce
529 4019 660 4086 tandem
683 4028 771 4086 astra
793 4022 927 4086 vincens
949 4021 1007 4085 lux
1028 4037 1145 4084 serena
1167 4019 1346 4104 splenduit,

419 4142 491 4188 cum
514 4123 621 4188 fidelis
643 4142 782 4209 sponsor
804 4125 859 4188 ille
882 4124 977 4189 dulce
999 4142 1114 4187 munus
1138 4123 1258 4205 attulit,

418 4228 524 4312 majus
545 4229 620 4310 illo,
644 4228 732 4311 quod
752 4249 813 4313 per
835 4230 943 4312 ignem
962 4229 1077 4293 transit
1100 4248 1180 4295 auro
1203 4231 1334 4314 optimo.

421 4414 593 4500 πΟοηηιε,
616 4419 734 4501 inquit,
756 4436 835 4483 ecce
858 4417 962 4483 Marci
984 4417 1048 4482 lroc
1070 4437 1151 4482 vere
1176 4417 1336 4502 theologi,

418 4528 489 4584 arte
512 4519 612 4584 multi
635 4529 668 4585 et
689 4522 803 4587 labore
826 4528 1047 4604 comparatum
1070 4521 1201 4605 accipe,

419 4625 479 4690 sed
500 4625 655 4710 repressi
677 4627 807 4692 notione
830 4633 896 4692 tam
917 4625 1056 4690 verendi
1077 4621 1247 4690 nominis.“

418 4816 624 4902 Suspicatus
647 4827 718 4884 arte
741 4839 782 4884 ne
806 4839 870 4902 qua
892 4818 1073 4901 luderetur,
1096 4815 1245 4902 pontifex

418 4944 483 4991 non
504 4925 630 5010 recepit
651 4923 744 5006 illud,
767 4932 843 4988 ante
866 4943 962 5007 quam
984 4919 1125 5008 probatd
1145 4941 1183 4985 re
1204 4919 1288 4984 fides

419 5031 543 5098 visione
566 5037 650 5096 teste
672 5048 767 5098 curas
789 5029 905 5097 mentis
929 5047 1040 5094 omnes
1063 5031 1217 5109 tergeret
