3892 6025
689 1124 798 1198 1166.
833 1120 894 1194 nd
920 1147 948 1193 s.
976 1119 1201 1196 Theudolum
1226 1122 1440 1220 episcopum.

409 1329 539 1396 (lhorus
563 1327 704 1394 uoelestis
726 1327 826 1394 auria
1086 1330 1186 1398 Luxit
1206 1336 1297 1394 terra
1318 1325 1522 1392 Vallensium

411 1431 599 1516 congaudet
621 1433 714 1498 nobis
736 1431 835 1497 hodie
1087 1454 1148 1519 per
1169 1433 1247 1516 gelu
1268 1449 1407 1514 namque
1428 1429 1560 1494 nimium

411 1537 592 1605 uolentibus
615 1536 758 1604 celebria
1088 1542 1242 1602 aruerant
1263 1532 1436 1599 vindemiae
1668 1529 1702 1589 15

409 1643 515 1726 patris
537 1641 639 1706 nostri
661 1640 826 1722 solennia,
1088 1637 1296 1704 Sedunenses
1319 1645 1353 1702 et
1374 1637 1465 1720 aliae,

412 1828 516 1912 Cujus
537 1829 569 1894 in
593 1827 739 1894 natalitio
1016 1825 1037 1888 5
1088 1825 1195 1908 Vasa,
1216 1826 1369 1908 lagenas,
1392 1823 1482 1890 dolia

411 1933 529 1999 mentis
551 1932 669 1998 affectu
688 1931 786 1996 nimio
1089 1930 1135 1994 nil
1156 1929 1291 2011 lunonis
1312 1928 1468 1994 habentia

411 2035 580 2100 solventes
602 2033 710 2100 landis
733 2033 874 2100 debitum
1089 2033 1178 2097 lueto
1200 2030 1309 2097 annuis
1333 2031 1504 2114 signaculo

412 2136 597 2203 attollamus
619 2142 653 2200 et
673 2134 829 2200 meritum.
1090 2135 1157 2200 vini
1179 2135 1322 2219 replevit
1343 2135 1473 2219 poculo.
1667 2131 1701 2193 ²0

411 2322 503 2390 Fusa
524 2342 625 2408 prete
648 2321 807 2388 Theodoli
1090 2319 1161 2385 Deo
1182 2321 1268 2404 patri
1291 2320 1333 2384 sit
1354 2319 1463 2402 gloria

412 2426 554 2493 nudatur
577 2429 673 2512 eulpa
696 2426 823 2520 Caroli,
996 2427 1038 2491 16
1091 2423 1227 2508 ejusque
1249 2423 1311 2487 soli
1333 2421 1414 2504 lilio,

413 2531 630 2598 Thebaeorum
653 2530 817 2598 cadavera
1092 2545 1164 2592 oum
1187 2527 1302 2610 spiritu
1323 2527 1496 2611 paracleto
1753 2606 1754 2617 ἵ

412 2634 596 2702 conduntur
618 2634 690 2720 ejus
713 2631 824 2719 opera.
1092 2631 1126 2694 in
1148 2630 1345 2715 sempiterna
1367 2633 1500 2697 serula.
1532 2651 1630 2697 amen
1753 2670 1754 2691 r

1753 2748 1754 2785 l

504 2813 564 2868 Ans
590 2813 668 2868 einer
695 2813 742 2869 lls.
768 2813 1001 2869 nursinensis
1024 2811 1161 2869 saenslen
1186 2812 1215 2867 in
1233 2811 1436 2870 Unterwulnen
1460 2833 1519 2874 vnn
1543 2819 1619 2872 1497.
1640 2812 1700 2870 nael

412 2901 447 2960 Η.
464 2903 575 2958 llursrs
594 2899 742 2958 Abselnriit
758 2919 793 2957 nu
809 2901 932 2974 lttingen
951 2902 1025 2970 (Α),
1043 2900 1099 2954 unul
1116 2900 1145 2955 in
1163 2900 1217 2955 ‹len
1235 2902 1308 2956 nete
1326 2899 1378 2957 SS.
1395 2904 1517 2976 August
1535 2908 1601 2959 tam
1617 2903 1642 2969 3,
1657 2899 1700 2953 lli
1753 2920 1754 2959 l

413 3005 467 3049 aus
485 2989 547 3047 dem
564 2990 683 3047 Brevier
701 3005 759 3047 vnn
777 2989 870 3047 Sitten
887 2990 918 3045 in
935 2989 1043 3045 wallis
1070 2989 1134 3060 (B).
1169 2987 1221 3045 Die
1236 2988 1322 3047 Foru
1346 2989 1397 3047 des
1414 2991 1540 3049 Namens
1556 2985 1701 3047 'lituinias

411 3080 490 3135 steht
512 3079 541 3133 in
568 3077 618 3133 tlar
641 3075 721 3135 Mitte
745 3078 886 3133 zwisalten
909 3076 1070 3133 Thendulus
1094 3076 1154 3133 und·
1173 3076 1354 3148 Theodorus,
1380 3078 1427 3135 ‹lie
1451 3080 1537 3137 belia
1559 3078 1629 3136 anelr
1647 3088 1702 3129 vur-

409 3165 549 3223 kunnan.

501 3302 682 3360 &emeritum
700 3300 731 3358 B.
769 3302 804 3357 18
821 3300 890 3357 nihil
908 3302 939 3358 B.
974 3304 1011 3356 at
1028 3308 1058 3358 et
1073 3318 1146 3359 nune
1163 3308 1193 3358 et
1209 3303 1239 3357 in
1257 3309 1423 3375 perpetuum
1440 3304 1475 3361 B.

745 3584 854 3661 1167.
887 3580 951 3659 Ad
974 3612 1002 3658 s.
1026 3586 1251 3662 Theudolum
1277 3590 1384 3689 episc.

414 3791 583 3859 celsitudo
606 3792 786 3859 sublimium
1090 3790 1237 3859 Virtutes
1259 3800 1292 3864 et
1314 3793 1466 3879 prodigia

412 3894 580 3963 Sedunum
601 3898 686 3963 misit
707 3894 843 3982 Alpium
1090 3913 1153 3979 per
1173 3895 1274 3979 ipsius
1296 3895 1453 3979 suffragia

412 4000 614 4069 'l'hendolum
635 4003 809 4069 antistitem
1090 3998 1280 4083 plerumque
1304 4008 1423 4066 norunt
1444 4000 1518 4066 lieri
1665 3989 1697 4053 1⁵

412 4104 518 4169 virum
540 4124 611 4188 prae
635 4104 758 4171 eunetis
781 4103 926 4183 divitem,
1090 4100 1264 4167 Vallenses
1286 4111 1383 4188 atque
1406 4106 1517 4171 ceteri.

414 4290 517 4379 0qu
540 4301 633 4359 erant
656 4291 778 4357 diutia
1019 4291 1039 4353 5
1091 4290 1153 4370 Qui
1174 4300 1269 4359 natus
1291 4296 1395 4360 estin
1417 4294 1588 4378 grandium

411 4396 586 4463 thesaurus
610 4392 779 4479 sapientire
1090 4396 1287 4463 sublimitate
1308 4399 1482 4478 montium,

412 4499 568 4584 simplicis
589 4504 623 4563 et
644 4494 817 4579 modestia,
1090 4497 1135 4565 ad
1157 4499 1283 4566 nnlmen
1305 4500 1526 4567 sanctimonia

410 4610 504 4671 mens
525 4600 678 4684 simplex,
701 4599 825 4666 fraudis
845 4601 964 4667 nessia.
1090 4598 1189 4666 dunin
1209 4602 1360 4685 pervenit
1381 4602 1505 4684 gratiae.
1661 4586 1696 4650 2⁰

411 4790 474 4861 lliu
495 4804 631 4871 gregem
654 4784 715 4851 sibi
738 4785 910 4869 eruditum,
1089 4788 1161 4857 Deo
1183 4791 1269 4875 patri
1292 4792 1334 4855 sit
1355 4792 1464 4874 gloria

410 4892 503 4980 prius
526 4890 618 4954 malis
640 4884 844 4975 implicitum,
995 4893 1037 4957 10
1090 4893 1226 4979 ejusque
1248 4895 1311 4960 soli
1332 4894 1400 4961 filio

411 5017 475 5084 per
496 4993 654 5060 doctrina
675 4995 888 5078 frequentiam
1089 5016 1162 5064 unm
1184 4997 1300 5081 spiritu
1320 4997 1490 5081 paracleto

411 5101 456 5171 ad
478 5100 551 5169 eoeli
574 5099 666 5167 duxit
686 5100 835 5183 patriam.
1087 5103 1121 5168 in
1143 5103 1340 5187 sempiterna
1362 5105 1492 5170 saenula
1524 5112 1621 5167 amen·
