3892 6025
375 628 440 693 did

441 812 539 898 Uoeli,
563 832 676 900 terrae,
700 820 814 903 maris,

441 922 631 1005 angelorum
657 928 690 986 et
711 923 874 989 hominurn
980 928 1000 989 5

442 1056 542 1135 Quem
568 1058 672 1123 solum
695 1058 790 1123 deum

439 1160 630 1226 confitemur
653 1170 685 1227 et
707 1159 875 1229 hominem.

373 1354 403 1415 2.
435 1349 497 1428 Qui
518 1358 713 1434 peccatores
737 1352 852 1416 venisti
876 1382 892 1415 o

438 1462 473 1519 ut
494 1454 605 1519 salvos
628 1454 770 1537 iaceres,

297 1644 305 1658 .
437 1591 515 1660 Sine
538 1606 676 1680 peceato
695 1602 823 1683 peccati
954 1606 996 1670 ro

436 1714 602 1763 assumens
625 1701 803 1767 formulam.

436 1831 578 1910 Quorum
601 1837 644 1901 de
667 1858 787 1923 grege,
876 1852 886 1863 ’
952 1831 957 1841 ’

434 1942 471 1999 ut
494 1936 705 2023 Gaianarum,

435 2036 572 2105 Mariam
595 2044 736 2109 visitasti
753 2046 994 2133 Magdalepam,

369 2204 399 2267 3.
432 2202 556 2270 Eadem
578 2209 691 2275 mensd
833 2276 835 2281 .
951 2215 992 2277 15

434 2308 529 2371 verbi
551 2308 651 2373 divini

432 2409 520 2474 illam
557 2411 664 2496 micis,
709 2414 794 2482 hano
838 2418 993 2484 refovens

731 2520 857 2603 poculis

432 2622 470 2688 lu
493 2623 589 2689 domo

431 2722 572 2790 Simonis
596 2728 720 2812 leprosi

431 2829 589 2892 conviviis
613 2830 775 2897 accubans

430 2930 558 3015 typicis.

948 2836 990 2900 to

316 3058 318 3064 ¹
428 3067 609 3134 Murmurat

429 3173 627 3257 pharisaeus,
650 3177 705 3242 ubi

427 3276 537 3359 plorat
558 3278 677 3344 femina
700 3282 840 3348 criminis

427 3381 568 3446 conscia.
944 3391 987 3453 2⁵

361 3546 391 3608 l.
423 3543 584 3610 Peccator
624 3551 799 3616 contemnit
835 3571 985 3640 compec-

735 3663 878 3740 cantem,

423 3753 553 3835 peccati
574 3755 703 3821 nescius
725 3759 934 3841 poenitentem
976 3778 980 3793 ’

425 3857 578 3940 exaudis,
602 3859 775 3945 emundas,
794 3870 799 3877 '

422 3958 542 4024 foedam
567 3962 718 4048 adamas,

421 4069 458 4126 ut
480 4064 649 4164 pulchram
667 4068 782 4162 facias.
939 4074 982 4138 3⁰

421 4197 529 4265 Pedes
552 4161 756 4296 amplectitur
778 4203 966 4294 dominicos,

422 4301 562 4366 lacrimis
580 4304 685 4388 lavat,
707 4309 808 4390 tergit
825 4307 979 4396 crinibus,
1032 4329 1036 4336 ·

418 4403 576 4489 lavanda,
601 4410 760 4493 tergenda

420 4520 585 4592 unguento
608 4515 715 4598 ungit,
829 4565 831 4570 .

420 4616 539 4680 osculis
563 4617 685 4683 circuit.
937 4627 979 4692 ³5

352 4803 383 4866 5.
416 4801 593 4869 Haeosunt
616 4809 783 4892 convivia,

418 4925 491 4988 quae
515 4909 572 4972 tibi
594 4911 739 4996 placent,
763 4936 783 4981 o

416 5011 519 5091 patris
542 5016 718 5101 sapientia,

1121 825 1224 892 Natus
1247 828 1289 894 de
1311 833 1440 916 ungine

1117 933 1258 1013 quinon
1281 933 1470 1020 dedignaris

1117 1037 1209 1119 tangi
1230 1038 1273 1103 de
1295 1043 1511 1123 peccatrice..

1051 1223 1081 1286 c.
1112 1219 1148 1287 A
1168 1224 1333 1306 pharisaeo

1115 1344 1153 1390 es
1174 1326 1346 1415 invitatus,

1114 1427 1231 1494 Mariae
1253 1432 1385 1499 ferculis

1114 1539 1296 1617 saturatus3

1112 1664 1249 1731 Multum
1271 1666 1402 1734 dimittis

1031 1766 1037 1777 ‘
1112 1768 1246 1833 multum
1269 1775 1406 1857 amanti,

1112 1891 1175 1937 nec
1197 1874 1319 1939 crimen
1341 1887 1457 1963 postea

1111 1981 1282 2061 repetenti.

1047 2164 1076 2225 7.
1105 2160 1280 2229 llaemoniis
1630 2182 1675 2245 50

1109 2286 1183 2331 eam
1206 2278 1331 2355 septem

1109 2370 1246 2437 mundas
1269 2378 1448 2473 septiformi
1464 2376 1598 2484 spiritu.

1109 2507 1161 2574 Ex
1183 2516 1317 2579 mortuis

1109 2619 1142 2675 te
1165 2624 1353 2697 surgentem
1423 2640 1427 2647 ·

1109 2713 1168 2779 das
1184 2719 1306 2784 cunctis
1321 2721 1435 2787 videre
1449 2725 1601 2807 priorem.
1624 2733 1670 2793 55
1785 2801 1786 2814 χ

871 2951 885 2968 ,Δ
967 2922 968 2927 ’
1042 2902 1073 2965 8.
1102 2900 1187 2985 llac,
1212 2904 1356 2992 Christe,
1377 2914 1581 2999 proselytam

942 3055 944 3064 ,
1070 3007 1467 3104 ,signas'ecclesiam‚,

1105 3143 1208 3221 Quam
1230 3146 1273 3212 ad
1295 3148 1435 3223 tiliorum
1457 3173 1599 3221 mensam
1709 3171 1729 3202 ⁰

1043 3259 1048 3271 ·
1089 3267 1206 3324 Ινοοιιι
1229 3251 1461 3340 alienigenam,

1604 3392 1664 3467 co
1785 3428 1787 3459 ι

1103 3386 1206 3464 Quam
1227 3381 1314 3456 inter·
1335 3395 1487 3461 convivia

1102 3491 1187 3575 legis
1209 3502 1243 3560 et
1265 3498 1382 3578 gratiae

1101 3628 1236 3730 Spernit
1257 3636 1412 3740 pharisaei
1434 3641 1553 3723 fastus,

1094 3735 1193 3819 lepra
1215 3749 1316 3809 vexat
1337 3742 1503 3811 haeretica.

988 3959 992 3966 -
1034 3927 1065 3990 9.
1094 3924 1204 4003 Qualis
1227 3929 1285 4013 sit,
1307 3939 1341 3995 tu
1363 3934 1444 4018 scis,

1098 4030 1203 4111 tangit
1225 4038 1258 4095 te
1280 4034 1356 4115 quia
1378 4038 1563 4125 peccatrix,
1616 4043 1659 4106 65

1090 4123 1172 4213 'quia
1193 4134 1300 4199 veniae
1323 4128 1485 4220 optatrix·

1098 4267 1255 4345 Quidnam
1278 4272 1415 4341 haberet

1096 4391 1198 4458 aegra,
1220 4376 1249 4440 si
1270 4383 1335 4442 nou
1359 4383 1554 4467 accepisset,

1098 4477 1126 4540 si
1148 4497 1213 4542 nou
1234 4481 1378 4549 medicus
1401 4487 1577 4553 adessetd·

1097 4614 1170 4681 Rex
1192 4639 1307 4702 regum
1328 4621 1421 4687 dives
1466 4709 1469 4714 Ι

1097 4718 1132 4781 iu
1153 4734 1280 4804 omnes,
1302 4740 1362 4787 nos
1384 4726 1494 4809 salva,

1095 4834 1310 4908 peccatorum·
1329 4833 1462 4911 tergens

1096 4935 1213 4990 cuncta
1234 4929 1387 5013 crimina,

1095 5038 1280 5100 sanctorum
1301 5051 1380 5118 spes
1401 5044 1435 5102 et
1457 5036 1573 5133 gloria.

1612 4631 1655 4695 'to

1637 945 1786 1009 to‘
