3892 6025
387 625 454 695 000

387 815 509 881 Domus
532 815 604 900 ejus
626 821 696 880 tota
718 814 843 896 credit,
1070 814 1127 882 Ad
1151 837 1245 900 quern
1269 837 1329 883 rua
1352 827 1467 885 sancta
1490 832 1611 904 prece·
1653 823 1689 886 25

388 937 484 1002 qnam
497 937 559 1004 pro
574 916 706 982 Christo
722 937 828 982 caesar
843 917 941 984 oaedit
973 919 1016 982 20
1070 938 1130 984 noo
1152 921 1322 986 mundatos
1345 924 1450 1007 culpae
1474 924 1559 989 tace

431 1020 504 1086 dira
525 1042 586 1106 per
608 1023 778 1108 supplicia
1113 1023 1287 1102 ducat‚dei
1308 1025 1406 1128 lilius,

386 1210 467 1278 Post
488 1211 561 1275 haec
583 1217 709 1292 martyr
731 1218 782 1274 ert
805 1217 933 1276 amatus
1070 1210 1130 1290 Qui
1152 1231 1214 1296 pro
1238 1216 1331 1280 nobis
1354 1217 1413 1281 fuit
1435 1235 1554 1300 passus

387 1321 423 1377 et
442 1334 504 1399 per
525 1315 634 1397 ignem
658 1315 887 1397 comprobatus
1068 1323 1101 1378 et
1123 1332 1184 1398 pro
1208 1333 1271 1396 qno
1294 1325 1345 1380 est
1367 1318 1443 1400 igno
1468 1337 1562 1383 anons

429 1418 529 1482 intrat
551 1419 624 1482 coeli
645 1417 783 1502 gandia3
1112 1417 1212 1482 levita
1237 1417 1439 1486 Laurentius.
1650 1423 1687 1487 30

476 1605 524 1661 lle.
541 1605 578 1658 im
596 1605 725 1660 Serninur
742 1621 777 1659 au
794 1603 899 1672 Trient,
919 1604 954 1655 tt
968 1601 1069 1658 dahrh.
1088 1603 1138 1658 mit
1156 1602 1206 1657 der
1224 1601 1352 1658 llolodie.

478 1729 617 1800 equanto
636 1728 740 1796 sixtus,
758 1729 806 1783 llo.
831 1728 865 1781 18
882 1727 996 1800 ypoliti,
1013 1727 1062 1781 llo.

664 2013 774 2088 1024.
807 2015 865 2085 De
889 2037 917 2084 o.
944 2012 1140 2085 Laurentio
1172 2012 1415 2108 (troparium).

389 2217 417 2281 1.
449 2213 543 2281 stola
560 2217 789 2301 jocunditatis,
1131 2224 1164 2280 et
1185 2216 1295 2280 levitre
1317 2215 1412 2298 larga
1434 2233 1550 2282 manus

452 2320 601 2404 alleluja,
1130 2316 1204 2381 dum
1227 2317 1308 2400 petit
1330 2316 1493 2400 inducias,
1648 2314 1683 2376 2⁵

385 2513 415 2577 a.
444 2510 551 2578 naua
572 2511 671 2576 noue
694 2509 840 2576 dominus
1129 2457 1186 2523 ‘¹⁸‘
1208 2457 1352 2522 minim
1374 2459 1523 2524 mm

449 2613 582 2679 militem
604 2632 697 2680 suum
718 2612 942 2696 Laurentium3

447 2747 553 2816 Solito
575 2749 710 2834 plaudat
733 2749 874 2813 alacrius
990 2749 1010 2810 5

448 2853 563 2919 concio
585 2855 664 2918 laeta
686 2851 837 2918 fidelium.
1062 2849 1092 2912 0.
1124 2847 1217 2915 Furit
1239 2851 1337 2934 igitur
1359 2853 1538 2936 praelectus

1127 2960 1161 3018 et
1183 2961 1317 3037 paratur
1340 2953 1459 3020 ardens
1484 2956 1602 3035 lectos,
1640 2947 1677 3013 30

383 3046 414 3113 3.
443 3046 547 3112 nollit!
570 3053 695 3131 martyr
718 3047 855 3130 insignis
1127 3055 1310 3119 insultantis
1331 3056 1462 3123 visoera

446 3150 586 3216 hosfium
608 3148 671 3213 deo
694 3149 876 3234 placentem
1127 3167 1235 3223 crates
1257 3159 1320 3223 urit
1339 3152 1466 3243 aspera,

447 3253 577 3333 ⁰bt¹¹¹¹t’
1126 3296 1230 3363 Sudat
1252 3306 1378 3383 martyr
1402 3301 1433 3363 in
1457 3318 1564 3384 agone
1588 3344 1592 3353 ·

445 3388 552 3453 Hodie
574 3394 766 3453 tormentum
788 3387 873 3470 ignis
1124 3418 1183 3483 spe
1205 3399 1366 3464 mercedis
1389 3409 1422 3466 et
1445 3420 1594 3481 coronae,

445 3494 593 3577 graviter
616 3492 817 3556 examinatus
1124 3522 1198 3585 quae
1220 3502 1317 3568 datur
1339 3502 1489 3571 fidelihus
1633 3496 1669 3561 35

444 3597 586 3681 pertulit.
1123 3622 1184 3689 pro
1207 3602 1338 3669 Christo
1361 3609 1568 3673 certantibus.

1129 2563 1327 2646 pauperibus
1351 2563 1565 2647 congregatis

1039 2696 1045 2705 ·
1129 2666 1315 2731 facultatum
1339 2668 1461 2752 copias.

379 3792 410 3853 t.
441 3784 633 3854 Accersitnu
655 3788 699 3853 ad
722 3796 886 3853 certamen
1057 3790 1086 3853 7.
1118 3784 1167 3851 Dc
1190 3786 1283 3872 cujus
1306 3787 1419 3851 militia

443 3892 566 3957 monitu
587 3891 675 3958 beati
697 3893 785 3956 nenio
1123 3890 1197 3956 coeli
1219 3890 1342 3974 gaudet
1365 3890 1454 3957 curia
1466 3940 1474 3975 ,

444 4028 650 4114 Gravissimio
672 4048 736 4094 non
758 4030 881 4113 refugit
964 4032 1003 4094 ld
1123 4028 1203 4107 Quia
1227 4030 1304 4095 vicit
1327 4028 1425 4093 hodie
1745 4036 1746 4088 l

443 4134 599 4199 exhibere
617 4137 761 4199 membra
780 4135 894 4218 poenio.
1121 4132 1282 4197 ministros
1304 4132 1465 4213 nequitiae.
1631 4116 1668 4179 ⁴⁰

376 4330 407 4392 ὁ.
436 4322 526 4389 Ante
548 4344 660 4407 regem
683 4321 862 4388 accercitur
1054 4300 1084 4362 8·
1115 4296 1158 4362 Ui
1180 4297 1264 4362 huno
1288 4315 1369 4379 ergo
1395 4317 1455 4380 per
1477 4303 1639 4380 patronum

442 4437 476 4493 ot
497 4426 539 4492 do
560 4429 659 4493 rebus
682 4426 874 4491 convenitur
1120 4418 1354 4484 ⁰⁰ss⁸⁰q¹1³mur
1377 4402 1455 4467 viiae
1478 4400 1592 4467 donum

441 4532 578 4601 occultis
600 4530 767 4607 eccleciae,
1119 4505 1204 4571 illius
1227 4504 1279 4569 die
1302 4505 1403 4587 festa,
1469 4554 1476 4571 .

441 4674 584 4739 sednon
598 4667 685 4734 cedit
698 4664 935 4749 blandimentis,
957 4664 1000 4729 20
1118 4645 1238 4711 ⁰h⁰r1¹⁸
1260 4650 1371 4708 ¹1⁰⁸ler
1393 4642 1504 4707 laetitid

441 4776 603 4843 emollitur
625 4778 680 4837 aut
703 4769 886 4852 tormentis,
1114 4747 1293 4833 jocundum
1310 4748 1344 4810 in
1363 4742 1502 4811 ecclesia
1626 4726 1662 4790 4⁵

439 4882 511 4966 ejus
535 4876 691 4945 avaritiae.
1118 4852 1270 4918 decantet
1293 4849 1445 4935 alleluja,
1740 4858 1743 4927 t

437 5019 575 5087 Lnditnr
595 5018 790 5086 valerianus
1053 5021 1083 5085 0.
1115 5011 1276 5099 Alleluja!
