3892 6025
159 3107 160 3178 ἒ
287 3124 474 3207 precatibus
496 3126 637 3191 instante

527 868 645 919 vemt.

278 990 430 1058 Coelestis
452 988 577 1074 praemii
600 1008 659 1073 spe
682 989 845 1074 gaudens,

277 1097 311 1161 in
334 1094 541 1161 tribulatione
563 1093 702 1178 patiens.

501 1255 683 1337 amantea«.

278 1394 372 1461 Dicta
394 1401 468 1460 sunt
490 1394 636 1478 gloriosa

280 1499 323 1564 de
346 1509 393 1581 te,
416 1498 511 1582 virgo
534 1498 701 1582 speciosa,
784 1518 786 1525 ·

280 1604 326 1669 sis
348 1622 470 1668 memor
493 1601 569 1668 bino
590 1604 711 1686 nostri,

282 1707 421 1772 devotos
444 1722 526 1789 quos
549 1713 583 1770 tu
606 1706 699 1770 nosti.

322 1906 330 1921 ·
469 1873 714 1951 saumonem.

280 2004 362 2071 Post
384 2008 526 2073 carceris
550 2008 735 2091 squalorem
864 2008 906 2070 '15

281 2109 454 2192 carnisque
476 2108 729 2174 macerationem

282 2210 404 2276 christi
426 2212 547 2278 dilecta
568 2212 751 2277 tenebrosis

283 2313 390 2379 denuo
412 2312 590 2379 reoluditur
612 2312 644 2377 in
666 2313 764 2395 loeis,

535 2494 652 2545 0618143.

283 2612 409 2678 Nomen
433 2612 552 2677 domini
575 2612 710 2677 laudare

283 2732 349 2781 non
373 2715 524 2780 desinens
547 2724 580 2781 et
602 2715 799 2800 glorifioare.
865 2716 908 2781 80

473 2884 717 2961 responsorium.

286 3016 410 3086 Saneta
431 3029 575 3105 martyre

288 3224 389 3289 maen
411 3227 528 3294 toetore
550 3228 665 3312 plenus
686 3229 853 3312 apparuit,

289 3329 344 3411 qni
354 3330 438 3396 bane
447 3330 605 3396 invadens
621 3340 722 3397 totam
734 3332 911 3412 absorbuit,

537 3503 655 3559 versos.

291 3629 393 3708 Quem
423 3650 484 3716 per
514 3631 654 3698 mettium
683 3634 778 3716 signo
808 3635 913 3699 erneis

654 3735 783 3802 disnidit
871 3737 913 3802 8⁵

290 3837 389 3904 etde
412 3846 505 3903 utero
529 3839 601 3922 eJus
624 3839 739 3906 inlesa
762 3840 871 3919 exivit.

478 3989 720 4086 resnoosortuo'r.

291 4141 402 4207 Fortis
429 4143 580 4225 agonista

293 4265 403 4311 senum
425 4246 598 4312 meditatur
622 4255 657 4312 ut
676 4249 760 4330 iste,

294 4349 414 4430 astitit,
437 4356 568 4429 exorat,

294 4449 422 4515 daemon
444 4437 503 4516 sna
528 4453 660 4518 erimina
682 4452 817 4537 prodat,
877 4453 918 4519 90

296 4554 424 4636 cogitur
447 4554 602 4638 afflictus,

295 4657 434 4724 discedit
457 4659 595 4743 denique
617 4663 731 4727 vietus.

549 4843 666 4894 ver-itti·
680 4889 686 4901 ,

299 4951 449 5018 Fratrem
469 4963 649 5022 truueatnm

298 5053 388 5120 dolet
411 5076 450 5123 ao
472 5076 545 5123 sese
570 5067 764 5143 superatum.

1515 660 1584 731 ⁸⁰⁸

1207 850 1327 919 taam

955 988 1087 1073 Martyr
1109 988 1245 1071 insignis
1267 988 1460 1073 margareta
1539 988 1584 1055 se

861 1094 903 1159 'ib
951 1093 1050 1177 juxta
1070 1092 1220 1178 preteeti
1242 1092 1378 1159 deonta

956 1195 1048 1261 ocius
1070 1196 1196 1261 eareeri
1219 1194 1420 1261 subtrabitur

957 1298 1094 1383 ejusque
1116 1300 1349 1383 conspeetibus
1369 1297 1503 1365 sistitur.

1177 1486 1359 1569 antiphone.

959 1621 1106 1707 Cumque
1128 1622 1224 1687 nullis
1246 1622 1412 1688 blanditiis

842 1820 845 1829 Ι
958 1724 1586 1811 adeonsensurnmollireturjudieis,10⁰

959 1832 1072 1898 tunore
1093 1831 1191 1895 nimio
1210 1829 1424 1897 inflammatus

959 1932 1119 2019 praeeepit
1130 1952 1203 1998 eam
1221 1931 1357 1999 aeoendi
1371 1930 1586 2019 lampadibus.

1179 2122 1361 2206 antiphone.

961 2258 1111 2327 Minister
1133 2258 1241 2324 stetim
1263 2254 1394 2323 tenella

962 2380 1081 2446 eorpus
1103 2363 1315 2427 comburebat
1336 2362 1474 2445 puellae,

961 2463 1022 2529 sed
1043 2464 1117 2531 hreo
1138 2464 1285 2529 oratioue
1303 2464 1393 2530 taeta
1565 2468 1588 2531 5

962 2568 1040 2653 igne
1061 2569 1239 2651 permansit
1258 2569 1389 2633 intaeta.

1184 2731 1366 2815 antiniana.

961 2868 1032 2934 vas
1054 2868 1241 2933 immensum

963 2990 1051 3054 aqua
1071 2972 1202 3056 plennnu

851 3135 856 3142 .
962 3091 1089 3159 praeses
1110 3075 1284 3159 imperavit
1307 3073 1418 3138 afferri

964 3186 999 3245 et
1025 3179 1059 3242 in
1086 3177 1167 3243 iilud
1188 3179 1350 3262 virginem
1371 3177 1506 3260 ligatam
1527 3176 1589 3243 de·

1332 3281 1446 3364 mergi
1549 3282 1592 3348 to

1181 3459 1365 3543 ιιιιιίριιιια.

965 3594 1154 3664 Laudabilis
1178 3597 1325 3663 dominus

965 3704 1001 3768 in
1021 3703 1088 3768 suis
1111 3705 1284 3770 virtutibus

966 3806 1096 3872 vincula
1118 3827 1267 3873 manuum
1289 3807 1452 3872 relaxavit

967 3930 1122 3996 suamque
1144 3912 1295 3977 famulam
1318 3912 1361 3976 de
1383 3919 1487 3976 morte
1508 3911 1594 3979 libe·

1332 4016 1428 4081 revit.

1190 4167 1371 4278 natatoria.

969 4333 1130 4400 Videntes
1151 4333 1225 4398 baeo
1247 4333 1407 4399 mirabilia
1554 4335 1595 4399 15

971 4437 1128 4522 baptizati
1150 4443 1225 4502 sunt
1247 4436 1525 4520 quinquemillia,

972 4559 1055 4624 quos
1077 4541 1185 4624 capite
1207 4540 1308 4623 pleuti

972 4645 1098 4710 censuit
1119 4645 1170 4707 ira
1191 4644 1358 4727 praetecti,

974 4748 1090 4830 quibus
1112 4754 1163 4808 est
1184 4743 1316 4808 addicta

974 4851 1096 4916 Christi
1119 4850 1212 4913 testis
1233 4849 1370 4930 inviota,
1554 4849 1600 4914 20

975 4956 1172 5022 benedicens
1194 4953 1290 5017 deum
1311 4953 1445 5018 deornm

975 5059 1009 5122 in
1032 5058 1153 5126 saeeula
1176 5057 1377 5123 secutorum.
