3892 6025
362 1127 448 1201 743.
487 1126 545 1197 ne
571 1148 642 1197 uuo
672 1134 825 1225 martyre
851 1124 908 1197 vel
933 1124 1084 1223 simplici
1109 1126 1321 1200 eoulessore.
1349 1154 1465 1227 prosa.

173 1324 174 1327 Ἴ
260 1364 411 1432 Psallens
433 1364 512 1446 deo,
536 1361 632 1445 Sion,
655 1363 763 1446 gaude

261 1470 339 1533 laeta
361 1488 461 1547 voce,
483 1467 582 1551 (ligna
603 1467 701 1532 laude

304 1570 481 1637 concinens
504 1570 680 1655 praecouia.

262 1760 480 1825 celebrentur
500 1760 533 1823 in
555 1760 618 1825 hac
640 1759 692 1825 die

261 1862 419 1927 famulatu
440 1862 545 1945 plebis
567 1862 622 1946 pie

302 1964 343 2027 N.
368 1963 524 2028 solennia.

262 2154 342 2220 Oret
363 2156 469 2239 ipsum
495 2154 597 2219 omnis
618 2154 730 2236 homo,

260 2268 296 2326 ut
318 2259 439 2324 mereri
460 2258 541 2325 lucis
564 2256 660 2322 domo

305 2367 384 2429 vitae
405 2364 511 2449 possit
531 2365 674 2448 praemia.

259 2557 386 2639 Psalle,
409 2556 529 2641 psalle,
552 2556 647 2640 plebs
668 2553 789 2619 devota
848 2554 888 2617 10
942 2555 1034 2622 Sana
1054 2559 1185 2621 morbos
1208 2564 1242 2621 et
1263 2558 1456 2640 languores,
1522 2558 1564 2619 2⁵

259 2678 344 2745 puro
367 2659 487 2742 corde,
515 2666 623 2723 mente
644 2664 714 2723 tota
781 2692 788 2711 ·

305 2782 430 2828 summa
453 2762 534 2827 daus
556 2760 705 2844 tripudia.

261 2953 339 3023 Ave
357 2963 483 3039 martyr
504 2954 663 3040 pretiose,

262 3059 351 3124 sedis
374 3075 510 3124 consors
533 3057 702 3140 gloriosa,

306 3163 429 3228 sanctis
450 3181 516 3246 pax
538 3161 571 3224 in
593 3160 708 3243 gloria.

352 3348 410 3401 has
430 3345 650 3418 geschriebeneu
668 3345 807 3400 zasitaen
831 3341 881 3398 des
905 3346 939 3399 15
956 3344 1055 3401 Jahrh.
1080 3362 1115 3400 su
1139 3345 1229 3401 ciuem
1251 3346 1329 3401 alten
1345 3344 1494 3400 llesshnch
1512 3359 1569 3398 vou

941 1362 1069 1429 Fereus
1089 1366 1183 1432 uobis
1207 1386 1299 1452 spem
1323 1370 1436 1436 salutis

941 1467 1018 1534 lava
1039 1468 1147 1535 lahem
1170 1492 1191 1536 a
1212 1472 1346 1557 pollutis

985 1572 1061 1637 mali
1083 1571 1160 1639 ‹latl
1182 1574 1288 1641 venia.

941 1762 1056 1829 Foedus
1079 1764 1185 1828 carnis
1206 1764 1302 1829 luxus
1323 1766 1411 1850 pelle

867 1862 888 1925 5
942 1872 977 1929 et
996 1874 1139 1950 purgato
1160 1864 1270 1931 cordis
1292 1866 1369 1931 lelle

987 1968 1050 2034 deo
1073 1987 1133 2034 uos
1155 1969 1303 2035 coucilia.

941 2158 1057 2225 Funde
1077 2177 1195 2242 preces
1217 2176 1279 2243 pro
1301 2159 1464 2243 peccatis,

941 2258 1051 2328 uot'am
1073 2261 1147 2329 dele
1168 2263 1341 2349 pravitatis

985 2374 1020 2432 et
1041 2373 1180 2432 mentem
1201 2366 1334 2432 irradia.

943 2676 1022 2725 cura
1043 2665 1154 2743 pestes
1176 2664 1210 2721 et
1232 2654 1363 2721 dolores

987 2769 1021 2827 et
1041 2763 1121 2844 luga
1142 2759 1312 2826 daemonia.

942 2949 1082 3018 Placeus
1104 2949 1167 3017 deo
1189 2952 1287 3038 placa
1308 2971 1398 3035 eum,

943 3076 985 3120 ue
1008 3055 1201 3122 condemnet
1224 3058 1350 3142 plasma
1371 3076 1464 3121 reum

850 3158 891 3221 15
987 3161 1095 3226 caruis
1116 3169 1191 3245 post
1213 3161 1320 3226 exitia.

263 3434 433 3489 Neuhauseu
452 3433 497 3489 bei
515 3431 683 3489 Psorzheim.
717 3431 782 3489 Alle
801 3431 905 3487 dritten
922 3429 1014 3487 Verse
1032 3430 1138 3486 reimeu
1156 3431 1185 3486 iu
1198 3431 1234 3487 ia.

356 3558 373 3610 3
393 3555 546 3625 continens,
566 3555 613 3610 lls.
651 3553 771 3624 fidene,
789 3553 837 3608 lis.

686 3909 772 3984 744.
805 3909 864 3980 De
887 3933 959 3981 uuo
985 3920 1147 4008 martyre.

266 4163 337 4249 Spe
359 4165 521 4230 mercedis
543 4173 576 4230 et
598 4183 729 4231 corouae

264 4273 356 4338 stetit
379 4281 504 4356 martyr
526 4274 558 4336 in
578 4291 685 4355 agone

310 4377 352 4440 ad
375 4385 512 4442 mortem
535 4376 704 4458 obediam,

264 4489 369 4545 morte
393 4479 556 4546 Christum
578 4481 729 4560 imitatus,

264 4583 331 4648 fide
355 4584 467 4648 firmus
491 4592 524 4648 ct
547 4583 690 4648 firmatus

308 4687 403 4753 firmo
426 4707 542 4770 gressu
565 4687 726 4771 gradiens.

265 4874 360 4942 Furit
381 4879 474 4943 luror
497 4879 658 4960 militaris,

266 4991 301 5045 ut
322 4983 374 5045 vir
396 5001 492 5047 sacer
514 4983 617 5048 sacris
640 4981 705 5046 aris

309 5086 490 5152 immoletur
512 5087 637 5168 hostia,

944 4185 1040 4248 quern
1063 4163 1215 4230 occidunt
1233 4165 1421 4246 saevientes,
1449 4213 1452 4218 .
1528 4165 1568 4227 10

943 4268 1150 4333 introducunt
1171 4269 1354 4332 nescientes

987 4373 1030 4438 ad
1053 4381 1176 4438 aterna
1199 4373 1328 4454 gaudia.

872 4583 891 4644 5
944 4559 1067 4626 Christi
1088 4561 1167 4625 lelix
1190 4560 1244 4625 hic
1266 4559 1406 4641 athleta,

944 4665 1000 4747 qui
1023 4664 1131 4728 subire
1153 4670 1259 4727 mente
1279 4662 1357 4726 laeta

987 4774 1124 4832 mortem
1147 4783 1212 4831 nou
1234 4765 1418 4848 abhorruit,

945 4879 982 4938 nt
1003 4872 1046 4936 sit
1066 4870 1155 4936 salus
1177 4869 1375 4935 intirmorum

945 4982 980 5040 et
1000 4972 1129 5038 medela
1149 4980 1358 5056 peccatorum

989 5079 1127 5163 gratiam
1149 5077 1336 5163 promeruit.
