3892 6025
474 1046 582 1122 1194.
614 1048 674 1120 De
696 1046 755 1119 xi
782 1045 935 1120 millibus
960 1047 1158 1147 uirginum,
1185 1049 1377 1146 sequeutia.

272 1250 449 1334 virginalis
471 1259 585 1317 turma
607 1271 721 1336 sexus,

271 1353 353 1421 Jesu
376 1353 506 1421 christo
529 1357 583 1438 qui
606 1373 771 1423 connexus

316 1457 403 1523 dona
425 1459 526 1524 sentis
549 1461 680 1544 gratiae,

271 1595 334 1662 flos
357 1596 509 1663 candoris
531 1599 577 1663 tui
599 1601 708 1688 rubet,

272 1699 429 1765 trucidari
452 1698 526 1764 dnm
548 1706 581 1764 te
599 1700 696 1783 jubet

316 1809 423 1868 turtur
443 1800 616 1887 pndinitiae.

271 2006 499 2074 Britannorum
524 2010 639 2074 insnlae

272 2118 382 2177 rentur
405 2119 500 2196 pater
523 2111 651 2180 Ursmae

317 2211 504 2279 Theonotus
528 2215 657 2296 claruit,

273 2350 358 2416 hana
380 2321 533 2417 Conan'us
558 2353 716 2436 virginem
806 2367 809 2375 '

271 2459 410 2539 propter
431 2454 704 2539 pulchritudinem

315 2577 428 2641 parem
451 2560 538 2625 thori
561 2560 673 2626 voluit.

270 2761 395 2830 Pronus
417 2767 513 2832 mittit
535 2775 569 2834 et
590 2777 761 2853 precatur,

270 2869 365 2932 minis
387 2875 509 2954 terret,
532 2873 561 2935 si
583 2881 774 2957 spernatur,

315 2971 377 3038 sibi
398 2991 540 3059 poscens
562 2973 729 3061 Ursuiam3

270 3115 366 3193 pater
388 3110 461 3195 ejus
478 3110 549 3196 jam
571 3115 723 3199 baptismi

270 3211 361 3277 fonte
383 3212 468 3279 lotus
491 3218 675 3301 paganismi

314 3332 448 3396 prorsus
471 3318 553 3384 vitat
575 3319 754 3404 copulam..

271 3518 403 3585 Interim
425 3519 543 3588 Ursnla

272 3620 394 3686 christi
417 3624 575 3710 disoipula

316 3725 414 3791 docta
436 3746 497 3811 per
519 3729 674 3795 somnium

272 3864 384 3927 statuit
404 3866 552 3949 nuptias,

273 3985 422 4049 quaerens
444 3968 591 4034 inducias

314 4070 461 4135 trimatis
485 4074 632 4156 spatium.

271 4276 353 4343 viee
376 4278 460 4344 dotis
483 4277 627 4362 conjugii

314 4384 439 4467 reginae
460 4384 546 4449 votis
568 4382 695 4449 habiles

270 4486 348 4553 dato
369 4496 498 4572 sumptu
520 4488 641 4570 navigii

313 4608 436 4656 ouaevaa
460 4590 577 4655 dautur
598 4591 740 4673 nubiles,

269 4728 399 4794 undena
418 4726 545 4792 demum
567 4728 666 4793 millia

949 1252 1043 1320 Aura
1065 1251 1165 1317 flante
1187 1252 1292 1316 leuius

993 1353 1151 1420 recedunt
1173 1373 1194 1418 a
1215 1353 1340 1435 littore,

948 1456 1013 1521 huo
1035 1455 1176 1537 illucque
1199 1454 1321 1539 saepius

994 1561 1094 1646 plano
1114 1559 1229 1625 ludunt
1250 1578 1397 1643 aequora,

876 1704 896 1765 5
950 1697 1027 1763 hina
1049 1713 1162 1761 manus
1183 1697 1323 1761 feminea

995 1801 1080 1866 rexit
1102 1800 1200 1866 dante
1221 1801 1350 1866 donnus

951 1925 1071 1988 naves,
1097 1907 1179 1989 qna's
1201 1905 1331 1972 Basiiea

994 2009 1088 2074 bravi
1110 2009 1193 2073 vidit
1213 2010 1359 2075 termino.

883 2249 887 2256 .
949 2195 1086 2260 Relictis
1108 2198 1246 2262 navibus

950 2297 1102 2365 ordinant
1124 2300 1229 2383 acies,

950 2403 1056 2468 ventis
1079 2413 1113 2470 et
1134 2405 1269 2471 aestibus

950 2515 1118 2590 exponunt
1138 2508 1242 2573 iacies

950 2617 985 2675 et
1006 2608 1141 2674 Rumam
1164 2610 1294 2675 adeunt

949 2766 1010 2832 per
1031 2748 1230 2813 monasteria

949 2847 1122 2914 fundentes
1144 2850 1294 2917 lacrimas

949 2951 1083 3017 manunt
1104 2954 1262 3039 suspiria,

949 3054 1176 3120 sommendaut
1197 3058 1321 3122 animas

949 3156 1070 3222 sanetis
1092 3164 1126 3221 et
1147 3158 1293 3222 redeunt

950 3335 1052 3412 Quam
1074 3337 1106 3400 in
1130 3345 1226 3421 portu
1249 3339 1450 3423 reliquerunt

949 3437 1106 3524 uiassem,
1128 3440 1221 3506 mmai
1240 3442 1435 3511 invenerunt

950 3542 1072 3609 ciarum
1093 3542 1212 3609 flumen
1235 3553 1269 3610 et
1289 3566 1464 3633 amoeuum,

948 3645 1143 3728 navigantes
1164 3648 1286 3714 intrant
1305 3649 1455 3719 Rhenum

992 3768 1053 3833 per
1077 3749 1130 3815 dei
1153 3750 1363 3818 clementiam.

925 3862 1026 3953 ’hine
1047 3888 1091 3952 ad
1111 3889 1219 3955 locum
1240 3894 1403 3975 passionis

949 3989 1042 4057 duxit
1062 4010 1120 4056 eas
1142 3992 1209 4057 dux
1231 3995 1366 4079 agonis,

948 4091 1063 4157 florem
1085 4112 1153 4159 snae
1171 4093 1371 4182 juventutis

946 4198 1189 4284 parvipendunt
1210 4217 1271 4284 spe
1293 4200 1405 4266 salutis

853 4283 894 4345 ²5
991 4309 1105 4368 euntes
1128 4301 1303 4371 Coloniam.

948 4481 975 4547 0
997 4483 1076 4549 felix
1098 4483 1254 4568 Colonia,

947 4590 1059 4653 subter
1082 4589 1175 4673 eujus
1197 4592 1315 4657 moeuia

988 4693 1202 4758 barbarorum
1226 4696 1335 4760 rabies

313 4846 443 4911 sponsa
457 4828 643 4893 transmittit
657 4830 827 4915 virgiuum,
848 4833 890 4898 ³0
944 4849 1055 4913 enses,
1077 4832 1158 4915 teia,
1181 4833 1335 4918 frameas,

269 4931 391 4998 danunt
411 4952 514 4997 naves
537 4952 597 5015 per
619 4936 722 4999 maria

312 5054 422 5102 euram
445 5044 636 5122 spemeutes
658 5037 828 5105 hominum.

943 4934 1065 5000 nultros
1087 4936 1121 5001 in
1142 4938 1309 5021 virgineas

987 5045 1168 5110 cruentavit
1191 5048 1289 5112 anias.
1331 5108 1335 5116 .
