3892 6025
379 674 444 737 110
1460 698 1499 767 ο

463 855 493 910 V.
513 858 527 907 1
547 851 595 925 fig.
624 849 781 924 ἤι’κιιλησία
799 850 908 924 χορεύει
926 851 1094 926 ἑορτάζουσα
1113 852 1160 923 τὴν
1178 860 1315 927 παναγίαν
1335 872 1387 909 σου
1405 852 1525 924 μνήμην,
1549 855 1578 908 ἐν
1596 843 1613 926 ᾗ
1634 850 1684 908 εὐ-

374 942 571 1015 oppositarum.
596 942 664 1012 Apr.
685 942 728 995 30.
766 940 794 995 ἐν
811 938 843 1012 τῇ
861 938 952 1012 μνήμῃ
970 938 1024 995 scir
1042 940 1127 1012 clytos
1152 961 1204 997 σου
1227 939 1305 996 πᾶσα
1329 939 1450 1012 viaricus
1468 940 1602 1014 ἑορτάζει,
1631 938 1683 995 οὐ·

375 1033 452 1106 ρανοὶ
475 1026 639 1104 ἀγάλλονται
662 1026 713 1083 σὺν
739 1036 796 1089 τοῖς
823 1024 963 1099 ἀγγέλοις,
996 1031 1041 1081 καὶ
1065 1027 1082 1098 ἦ
1108 1025 1144 1105 qp‘
1168 1024 1341 1102 εὐφραίνεται
1359 1028 1410 1085 σὺν
1428 1036 1486 1089 τοῖς
1504 1025 1683 1101 ἀνθρώποις.

375 1118 496 1172 Triodr'oc
516 1117 551 1185 Χ,
569 1118 594 1168 2.

463 1204 496 1257 V.
513 1204 556 1256 29.
585 1201 635 1255 llio
654 1201 788 1256 Grieolrsn
809 1200 961 1254 verbinden
981 1200 1033 1253 (len
1053 1200 1079 1254 h.
1098 1200 1251 1270 Christoph
1270 1200 1347 1255 nicht
1364 1200 1415 1255 mit
1432 1200 1537 1256 diesem
1550 1204 1686 1272 Apostel,

374 1292 430 1347 wie
449 1308 480 1345 es
498 1290 559 1343 hier
579 1289 727 1359 geschieht
752 1287 839 1357 (donn
859 1287 903 1340 dia
922 1287 1013 1342 Stella
1032 1288 1085 1342 No.
1104 1289 1165 1356 696,
1187 1290 1226 1343 19.
1250 1289 1355 1360 gehort
1372 1288 1450 1343 nicht
1467 1287 1584 1358 daher),
1610 1291 1686 1372 pail

375 1379 416 1433 sie
436 1378 516 1433 beide
535 1376 647 1447 licilige
665 1377 734 1431 nicil
751 1371 804 1428 auf
819 1378 894 1429 ιιίιιιι
912 1375 975 1445 'l'ag
992 1372 1082 1429 ieiern
1101 1376 1150 1444 (25
1164 1374 1255 1446 tuli),
1282 1376 1346 1429 ahc
1364 1374 1446 1430 lreine
1466 1376 1687 1449 Vernulassung

374 1465 480 1531 hatten,
498 1463 539 1518 sie
558 1463 586 1518 in
605 1463 659 1517 den
673 1463 790 1517 Lierlern
809 1479 844 1516 zu
857 1461 1029 1533 vereinigen.
1065 1461 1121 1517 Der
1141 1462 1167 1516 lr.
1181 1462 1334 1536 christoph
1353 1463 1430 1517 steht
1447 1463 1525 1517 nicht
1543 1463 1571 1518 in
1590 1463 1685 1519 ihrem

374 1554 567 1625 Horologium

886 1724 941 1795 An
964 1733 1028 1797 sint
1048 1732 1163 1798 Jacob.

374 1884 403 1939 lc
422 1888 538 1956 groetu,
556 1883 662 1952 Jacob,
681 1883 775 1937 belich
794 1888 870 1951 sant,
1053 1884 1104 1939 ln't
1121 1882 1322 1941 wederlreeren
1343 1889 1371 1937 to
1389 1882 1540 1953 Spaengen
1558 1889 1654 1938 waert

376 1970 502 2027 Christus
521 1969 633 2040 apostol
653 1969 722 2025 ende
742 1970 822 2025 recht
841 1985 965 2039 ansere,
1053 1969 1147 2023 wordi
1164 1970 1334 2023 maertelare
1352 1970 1516 2041 gebenedijt

376 2057 427 2129 ghi
445 2056 599 2112 bekaerdet
617 2057 645 2112 in
663 2058 811 2129 Spaengen
831 2058 891 2113 lant
1054 2056 1124 2109 ends
1142 2072 1225 2110 uwen
1244 2056 1369 2111 lechame
1386 2074 1449 2112 nam
1469 2058 1503 2111 (le
1520 2064 1604 2113 vaert

374 2144 521 2215 menighen
540 2144 680 2199 meinselre
699 2152 756 2201 met
773 2162 853 2199 nwer
870 2146 948 2202 leers
1054 2147 1083 2196 te
1101 2142 1292 2212 Compostello
1314 2143 1343 2197 in
1362 2150 1459 2199 cortsr
1477 2145 1537 2217 tijt,
1565 2167 1567 2170 ·

377 2246 414 2285 na
432 2231 482 2285 der
499 2231 570 2287 doct
588 2246 643 2285 van
662 2248 751 2291 onsen
769 2233 863 2287 heere.
1055 2228 1125 2283 daer
1143 2228 1193 2299 ghi
1210 2245 1247 2283 nu
1266 2228 1410 2300 bograven
1428 2230 1493 2303 sijt,

375 2352 428 2409 Glri
446 2358 537 2408 csemt
554 2354 696 2423 predelren
714 2354 782 2408 daer
800 2369 869 2408 nara
1052 2358 1128 2413 Daor
1146 2359 1184 2412 hu
1201 2359 1310 2415 meniclr
1324 2360 1468 2433 pelegrijn

376 2445 499 2495 cmtrent
516 2440 694 2495 iherusalem
715 2441 785 2495 ends
804 2439 873 2496 laer
890 2441 1000 2511 binnan,
1053 2445 1175 2516 gheerns
1194 2451 1223 2501 ta
1240 2447 1416 2502 versonlene
1435 2448 1545 2519 plegius.

374 2526 445 2582 (laer
461 2528 579 2583 waende
599 2546 617 2582 n
635 2545 687 2582 een
706 2534 839 2583 toverare
1051 2528 1079 2585 ic
1096 2530 1195 2600 biddu,
1214 2532 1277 2587 wilt
1295 2532 1323 2586 in
1342 2532 1415 2587 mino
1433 2533 1518 2604 hulpe
1536 2534 1609 2607 rijn,

373 2619 477 2670 metten
495 2615 574 2670 viant
592 2616 664 2670 doen
682 2616 861 2685 rerwinnen,
1052 2618 1102 2673 dat
1118 2636 1166 2690 my
1185 2620 1242 2691 god
1263 2627 1350 2676 voort
1368 2621 1425 2675 alle
1443 2623 1546 2693 weghe

374 2717 452 2757 maer
471 2702 520 2773 ghi
538 2702 691 2759 belreerdst
709 2704 770 2757 lrern
788 2705 816 2758 in
834 2702 952 2758 minnan.
1051 2706 1201 2762 verleeneu
1220 2708 1299 2762 willa
1319 2709 1430 2780 gordon
1448 2709 1546 2781 reglis.

462 2840 511 2896 lis.
530 2858 565 2895 au
583 2842 720 2897 ltliinchen
739 2840 817 2915 Cgm.
837 2844 879 2898 83.
899 2840 918 2897 f.
937 2845 980 2897 70.
999 2845 1032 2896 15
1051 2843 1148 2899 Jahrb.

686 3127 770 3198 702.
803 3126 861 3197 De
887 3151 913 3197 s.
941 3125 1109 3199 Johanne
1134 3127 1360 3226 evangelista.

375 3324 498 3391 Amore
522 3325 642 3391 Christi
665 3328 781 3392 nobilis
1054 3326 1113 3412 „ln”
1133 3328 1292 3412 principio
1315 3337 1388 3393 erat
1409 3333 1545 3394 verbum

375 3439 409 3495 et
430 3429 515 3493 filins
540 3431 669 3493 tonitrui
1052 3438 1087 3494 et
1108 3433 1242 3496 verbum
1267 3441 1338 3496 erat
1361 3432 1446 3515 apud
1471 3432 1565 3497 deum

375 3551 495 3596 aroana
517 3531 684 3596 lohannes
707 3531 759 3595 dei
1052 3539 1087 3595 et
1110 3531 1190 3595 dens
1214 3542 1285 3595 erat
1307 3537 1454 3610 verbum,
1476 3534 1539 3598 hoc
1562 3543 1635 3600 erat

373 3636 442 3700 fatu
465 3635 627 3699 revelavit
648 3653 752 3700 sacro.
1052 3637 1085 3700 in
1107 3638 1267 3721 principio
1291 3638 1377 3721 apud
1400 3638 1504 3721 deum,
1637 3641 1682 3705 20

375 3798 487 3882 Captis
512 3798 640 3862 solebat
660 3799 804 3882 piscibus
980 3802 1000 3862 5
1053 3781 1174 3866 Omnia
1187 3822 1249 3886 per
1270 3804 1373 3886 ipsum
1395 3804 1481 3868 facta
1500 3799 1614 3885 sunt“;

373 3903 476 3986 patris
501 3908 665 3965 senectam
689 3921 843 3984 pascere,
1053 3906 1111 3970 sed
1132 3906 1204 3989 ipsa
1226 3906 1324 3973 laude
1347 3927 1383 3970 se
1407 3915 1501 3971 sonet

373 4007 524 4068 turbante
548 4002 621 4066 dum
642 4010 733 4066 natat
751 4003 821 4074 salo
1053 4015 1086 4072 et
1108 4009 1272 4073 laureatus
1294 4009 1409 4092 spiritu

373 4107 543 4172 immobilis
565 4106 630 4169 fide
654 4107 751 4169 stetit.
823 4117 825 4122 ’
1052 4111 1181 4194 scriptis
1205 4121 1379 4176 coronetur
1402 4113 1477 4176 suis,

373 4272 508 4336 Humum
530 4269 702 4354 profundo
717 4277 890 4352 merserat,
1053 4274 1228 4340 Commune
1251 4276 1357 4340 multis
1380 4275 1491 4359 passio
1637 4276 1682 4338 25

373 4377 517 4459 piscatus
540 4382 590 4438 est
611 4377 746 4439 verbum
770 4374 839 4456 dei,
960 4377 999 4439 10
1053 4398 1213 4462 cruorque
1237 4381 1386 4445 delictum
1410 4381 1538 4463 lavans,

369 4478 509 4562 jactavit
531 4477 625 4541 undis
648 4479 730 4541 retia
965 4505 969 4514 ·
1051 4481 1116 4546 hoo
1137 4489 1242 4544 morte
1263 4488 1401 4563 praestat
1423 4488 1613 4562 martyrum,

372 4583 472 4647 vitam
496 4582 620 4646 levavit
643 4583 789 4647 omniurn.
1052 4581 1140 4665 quod
1163 4583 1240 4647 lecit
1263 4601 1335 4644 esse
1358 4592 1531 4664 martyres.

371 4743 475 4810 Piscis
496 4747 599 4810 bonus
621 4748 676 4830 pia
700 4755 750 4811 est
771 4746 854 4812 fides
1051 4749 1188 4813 Vinctus
1211 4755 1318 4811 tamen
1341 4749 1382 4810 ab
1405 4746 1511 4830 impiis

371 4846 479 4910 mundi
503 4856 717 4930 supernatans
741 4851 858 4932 salum,
1052 4853 1179 4920 calente
1202 4853 1289 4915 olivo
1313 4850 1428 4915 dicitnr
1638 4851 1682 4914 30

371 4951 508 5016 subnixa
532 4949 652 5014 Christi
670 4959 824 5035 pectore,
957 4954 997 5016 15
1051 4957 1185 5021 tersisse
1208 4954 1316 5019 mnndi
1338 4955 1523 5038 pulverem,

371 5061 485 5119 sancto
507 5054 616 5118 locuta
640 5055 772 5138 spiritu:
1051 5055 1181 5124 stetisse
1204 5057 1309 5121 victor
1333 5055 1447 5118 aenrnli.
