<?xml version="1.0" encoding="UTF-8"?>
<!DOCTYPE html PUBLIC "-//W3C//DTD XHTML 1.0 Transitional//EN"
    "http://www.w3.org/TR/xhtml1/DTD/xhtml1-transitional.dtd">
<html xmlns="http://www.w3.org/1999/xhtml" xml:lang="en" lang="en">
 <head>
  <title>
</title>
<meta http-equiv="Content-Type" content="text/html;charset=utf-8" />
  <meta name='ocr-system' content='tesseract 3.04.00' />
  <meta name='ocr-capabilities' content='ocr_page ocr_carea ocr_par ocr_line ocrx_word'/>
</head>
<body>
  <div class='ocr_page' id='page_1' title='image "./hymnilatinimedi00monegoog/hymnilatinimedi00monegoog_0240.png"; bbox 0 0 3892 6025; ppageno 0'>
   <div class='ocr_carea' id='block_1_1' title="bbox 370 843 1538 1240">
    <p class='ocr_par' dir='ltr' id='par_1_1' title="bbox 370 843 1538 1240">
     <span class='ocr_line' id='line_1_1' title="bbox 370 843 1467 935; baseline -0.006 -17"><span class='ocrx_word' id='word_1_1' title='bbox 370 849 508 935; x_wconf 84' lang='lat' dir='ltr'>Rejecta</span> <span class='ocrx_word' id='word_1_2' title='bbox 529 850 734 916; x_wconf 72' lang='lat' dir='ltr'>taenarium</span> <span class='ocrx_word' id='word_1_3' title='bbox 1050 843 1178 929; x_wconf 81' lang='lat' dir='ltr'>Regula</span> <span class='ocrx_word' id='word_1_4' title='bbox 1200 846 1277 911; x_wconf 82' lang='lat' dir='ltr'>vitae</span> <span class='ocrx_word' id='word_1_5' title='bbox 1300 847 1467 929; x_wconf 77' lang='lat' dir='ltr'>scribitur,</span> 
     </span>
     <span class='ocr_line' id='line_1_2' title="bbox 371 948 1491 1036; baseline -0.003 -18"><span class='ocrx_word' id='word_1_6' title='bbox 371 972 449 1019; x_wconf 87' lang='lat' dir='ltr'>cura</span> <span class='ocrx_word' id='word_1_7' title='bbox 471 953 734 1036; x_wconf 80' lang='lat' dir='ltr'>praetereuntium</span> <span class='ocrx_word' id='word_1_8' title='bbox 1050 951 1137 1014; x_wconf 89' lang='lat' dir='ltr'>lacto</span> <span class='ocrx_word' id='word_1_9' title='bbox 1160 948 1308 1015; x_wconf 90' lang='lat' dir='ltr'>doctrina</span> <span class='ocrx_word' id='word_1_10' title='bbox 1329 950 1491 1034; x_wconf 79' lang='lat' dir='ltr'>proditur,</span> 
     </span>
     <span class='ocr_line' id='line_1_3' title="bbox 370 1053 1500 1139; baseline -0.001 -20"><span class='ocrx_word' id='word_1_11' title='bbox 370 1056 455 1121; x_wconf 89' lang='lat' dir='ltr'>tollit</span> <span class='ocrx_word' id='word_1_12' title='bbox 475 1074 575 1120; x_wconf 70' lang='lat' dir='ltr'>morae</span> <span class='ocrx_word' id='word_1_13' title='bbox 595 1053 812 1139; x_wconf 83' lang='lat' dir='ltr'>dispendium,</span> <span class='ocrx_word' id='word_1_14' title='bbox 956 1055 997 1117; x_wconf 99' lang='grc'>15</span> <span class='ocrx_word' id='word_1_15' title='bbox 1049 1053 1185 1120; x_wconf 83' lang='lat' dir='ltr'>instrum</span> <span class='ocrx_word' id='word_1_16' title='bbox 1208 1063 1312 1120; x_wconf 86' lang='lat' dir='ltr'>coetus</span> <span class='ocrx_word' id='word_1_17' title='bbox 1335 1053 1500 1138; x_wconf 90' lang='lat' dir='ltr'>adjicitur,</span> 
     </span>
     <span class='ocr_line' id='line_1_4' title="bbox 370 1156 1538 1240; baseline -0.002 -16"><span class='ocrx_word' id='word_1_18' title='bbox 370 1156 521 1224; x_wconf 85' lang='lat' dir='ltr'>mundum</span> <span class='ocrx_word' id='word_1_19' title='bbox 543 1159 627 1240; x_wconf 79' lang='lat' dir='ltr'>fugit</span> <span class='ocrx_word' id='word_1_20' title='bbox 649 1165 682 1222; x_wconf 90' lang='lat' dir='ltr'>et</span> <span class='ocrx_word' id='word_1_21' title='bbox 704 1158 824 1222; x_wconf 88' lang='lat' dir='ltr'>vitium.</span> <span class='ocrx_word' id='word_1_22' title='bbox 1050 1164 1196 1222; x_wconf 89' lang='lat' dir='ltr'>sanctum</span> <span class='ocrx_word' id='word_1_23' title='bbox 1218 1173 1334 1221; x_wconf 88' lang='lat' dir='ltr'>nomen</span> <span class='ocrx_word' id='word_1_24' title='bbox 1357 1157 1538 1222; x_wconf 82' lang='lat' dir='ltr'>effunditur.</span> 
     </span>
    </p>
   </div>
   <div class='ocr_carea' id='block_1_2' title="bbox 369 1342 1674 1742">
    <p class='ocr_par' dir='ltr' id='par_1_2' title="bbox 369 1342 1674 1532">
     <span class='ocr_line' id='line_1_5' title="bbox 373 1342 1674 1431; baseline -0.003 -20"><span class='ocrx_word' id='word_1_25' title='bbox 373 1343 497 1431; x_wconf 78' lang='lat' dir='ltr'>Spiritu</span> <span class='ocrx_word' id='word_1_26' title='bbox 520 1345 601 1410; x_wconf 90' lang='lat' dir='ltr'>duce</span> <span class='ocrx_word' id='word_1_27' title='bbox 624 1345 747 1428; x_wconf 84' lang='lat' dir='ltr'>agitur,</span> <span class='ocrx_word' id='word_1_28' title='bbox 1050 1342 1157 1407; x_wconf 88' lang='lat' dir='ltr'>Patris</span> <span class='ocrx_word' id='word_1_29' title='bbox 1179 1344 1268 1409; x_wconf 83' lang='lat' dir='ltr'>beati</span> <span class='ocrx_word' id='word_1_30' title='bbox 1289 1344 1404 1409; x_wconf 86' lang='lat' dir='ltr'>merito</span> <span class='ocrx_word' id='word_1_31' title='bbox 1632 1345 1674 1408; x_wconf 86' lang='grc'>25</span> 
     </span>
     <span class='ocr_line' id='line_1_6' title="bbox 369 1447 1502 1532; baseline -0.002 -18"><span class='ocrx_word' id='word_1_32' title='bbox 369 1450 403 1514; x_wconf 92' lang='lat' dir='ltr'>in</span> <span class='ocrx_word' id='word_1_33' title='bbox 425 1449 589 1514; x_wconf 87' lang='lat' dir='ltr'>desertum</span> <span class='ocrx_word' id='word_1_34' title='bbox 612 1449 797 1532; x_wconf 83' lang='lat' dir='ltr'>adducitur,</span> <span class='ocrx_word' id='word_1_35' title='bbox 1049 1447 1137 1528; x_wconf 85' lang='lat' dir='ltr'>lans,</span> <span class='ocrx_word' id='word_1_36' title='bbox 1161 1454 1195 1511; x_wconf 89' lang='lat' dir='ltr'>et</span> <span class='ocrx_word' id='word_1_37' title='bbox 1216 1447 1321 1513; x_wconf 91' lang='lat' dir='ltr'>bonor</span> <span class='ocrx_word' id='word_1_38' title='bbox 1343 1448 1502 1532; x_wconf 75' lang='lat' dir='ltr'>ingenito,</span> 
     </span>
    </p>

    <p class='ocr_par' dir='ltr' id='par_1_3' title="bbox 372 1550 1361 1636">
     <span class='ocr_line' id='line_1_7' title="bbox 372 1550 1361 1636; baseline -0.002 -17"><span class='ocrx_word' id='word_1_39' title='bbox 372 1571 451 1619; x_wconf 88' lang='lat' dir='ltr'>caro</span> <span class='ocrx_word' id='word_1_40' title='bbox 473 1553 561 1618; x_wconf 84' lang='lat' dir='ltr'>victa</span> <span class='ocrx_word' id='word_1_41' title='bbox 581 1552 815 1636; x_wconf 87' lang='lat' dir='ltr'>prosternitur,</span> <span class='ocrx_word' id='word_1_42' title='bbox 1051 1550 1158 1632; x_wconf 78' lang='lat' dir='ltr'>gloria</span> <span class='ocrx_word' id='word_1_43' title='bbox 1180 1551 1361 1635; x_wconf 81' lang='lat' dir='ltr'>unigenito,</span> 
     </span>
    </p>

    <p class='ocr_par' dir='ltr' id='par_1_4' title="bbox 370 1654 1485 1742">
     <span class='ocr_line' id='line_1_8' title="bbox 370 1654 1485 1742; baseline -0.001 -19"><span class='ocrx_word' id='word_1_44' title='bbox 370 1659 486 1723; x_wconf 86' lang='lat' dir='ltr'>mentis</span> <span class='ocrx_word' id='word_1_45' title='bbox 508 1658 575 1742; x_wconf 74' lang='lat' dir='ltr'>legi</span> <span class='ocrx_word' id='word_1_46' title='bbox 598 1657 775 1741; x_wconf 87' lang='lat' dir='ltr'>subjicitur.</span> <span class='ocrx_word' id='word_1_47' title='bbox 953 1658 995 1721; x_wconf 84' lang='lat'>20</span> <span class='ocrx_word' id='word_1_48' title='bbox 1048 1654 1151 1717; x_wconf 85' lang='lat' dir='ltr'>virtus</span> <span class='ocrx_word' id='word_1_49' title='bbox 1174 1672 1296 1720; x_wconf 89' lang='lat' dir='ltr'>summa</span> <span class='ocrx_word' id='word_1_50' title='bbox 1318 1657 1485 1740; x_wconf 83' lang='lat' dir='ltr'>paraclito.</span> 
     </span>
    </p>
   </div>
   <div class='ocr_carea' id='block_1_3' title="bbox 367 1839 1674 2074">
    <p class='ocr_par' dir='ltr' id='par_1_5' title="bbox 367 1839 1674 2074">
     <span class='ocr_line' id='line_1_9' title="bbox 458 1839 1674 1912; baseline 0.002 -14"><span class='ocrx_word' id='word_1_51' title='bbox 458 1843 506 1898; x_wconf 87' lang='lat' dir='ltr'>lls.</span> <span class='ocrx_word' id='word_1_52' title='bbox 533 1859 592 1898; x_wconf 81' lang='lat' dir='ltr'>rou</span> <span class='ocrx_word' id='word_1_53' title='bbox 616 1843 645 1899; x_wconf 85' lang='lat' dir='ltr'>S.</span> <span class='ocrx_word' id='word_1_54' title='bbox 669 1843 754 1897; x_wconf 84' lang='lat' dir='ltr'>Peter</span> <span class='ocrx_word' id='word_1_55' title='bbox 781 1859 816 1897; x_wconf 81' lang='lat' dir='ltr'>nu</span> <span class='ocrx_word' id='word_1_56' title='bbox 840 1841 984 1912; x_wconf 72' lang='lat' dir='ltr'>salzburg</span> <span class='ocrx_word' id='word_1_57' title='bbox 1008 1840 1058 1908; x_wconf 86' lang='lat' dir='ltr'>lV,</span> <span class='ocrx_word' id='word_1_58' title='bbox 1077 1842 1102 1894; x_wconf 76' lang='lat' dir='ltr'>t.</span> <span class='ocrx_word' id='word_1_59' title='bbox 1129 1839 1179 1895; x_wconf 86' lang='lat' dir='ltr'>des</span> <span class='ocrx_word' id='word_1_60' title='bbox 1199 1843 1232 1895; x_wconf 82' lang='grc'>15</span> <span class='ocrx_word' id='word_1_61' title='bbox 1250 1841 1348 1896; x_wconf 80' lang='lat' dir='ltr'>Jahrb</span> <span class='ocrx_word' id='word_1_62' title='bbox 1374 1844 1440 1912; x_wconf 83' lang='grc' dir='ltr'>(Α).</span> <span class='ocrx_word' id='word_1_63' title='bbox 1475 1843 1522 1899; x_wconf 83' lang='lat' dir='ltr'>lle.</span> <span class='ocrx_word' id='word_1_64' title='bbox 1548 1845 1674 1901; x_wconf 81' lang='lat' dir='ltr'>daselbst</span> 
     </span>
     <span class='ocr_line' id='line_1_10' title="bbox 367 1927 1672 2008; baseline 0.005 -24"><span class='ocrx_word' id='word_1_65' title='bbox 367 1929 400 1999; x_wconf 93' lang='lat' dir='ltr'>ll,</span> <span class='ocrx_word' id='word_1_66' title='bbox 416 1930 452 1985; x_wconf 76' lang='lat'>26</span> <span class='ocrx_word' id='word_1_67' title='bbox 469 1931 534 2000; x_wconf 87' lang='grc' dir='ltr'><strong>(Β).</strong></span> <span class='ocrx_word' id='word_1_68' title='bbox 561 1929 609 1985; x_wconf 87' lang='lat' dir='ltr'>lls.</span> <span class='ocrx_word' id='word_1_69' title='bbox 629 1929 757 1986; x_wconf 87' lang='lat' dir='ltr'>daselbst</span> <span class='ocrx_word' id='word_1_70' title='bbox 779 1930 812 1993; x_wconf 91' lang='lat' dir='ltr'>V,</span> <span class='ocrx_word' id='word_1_71' title='bbox 831 1931 847 1986; x_wconf 83' lang='grc'>8</span> <span class='ocrx_word' id='word_1_72' title='bbox 867 1929 931 2000; x_wconf 83' lang='lat' dir='ltr'><strong>(G).</strong></span> <span class='ocrx_word' id='word_1_73' title='bbox 959 1927 1007 1988; x_wconf 87' lang='lat' dir='ltr'>lls.</span> <span class='ocrx_word' id='word_1_74' title='bbox 1026 1945 1084 1984; x_wconf 82' lang='lat' dir='ltr'>von</span> <span class='ocrx_word' id='word_1_75' title='bbox 1097 1929 1305 2000; x_wconf 80' lang='lat' dir='ltr'>&#39;l&#39;bierbaupteu</span> <span class='ocrx_word' id='word_1_76' title='bbox 1325 1946 1359 1986; x_wconf 84' lang='lat' dir='ltr'>uu</span> <span class='ocrx_word' id='word_1_77' title='bbox 1372 1929 1672 2008; x_wconf 61' lang='lat' dir='ltr'>marchensem),</span> 
     </span>
     <span class='ocr_line' id='line_1_11' title="bbox 367 2017 662 2074; baseline 0 -2"><span class='ocrx_word' id='word_1_78' title='bbox 367 2017 492 2074; x_wconf 85' lang='lat' dir='ltr'>allodes</span> <span class='ocrx_word' id='word_1_79' title='bbox 512 2021 545 2072; x_wconf 91' lang='grc'>15</span> <span class='ocrx_word' id='word_1_80' title='bbox 563 2019 662 2074; x_wconf 81' lang='lat' dir='ltr'>Jahrb.</span> 
     </span>
    </p>
   </div>
   <div class='ocr_carea' id='block_1_4' title="bbox 456 2137 1232 2214">
    <p class='ocr_par' dir='ltr' id='par_1_6' title="bbox 456 2137 1232 2214">
     <span class='ocr_line' id='line_1_12' title="bbox 456 2137 1232 2214; baseline -0.003 -19"><span class='ocrx_word' id='word_1_81' title='bbox 456 2143 490 2196; x_wconf 84' lang='grc'>13</span> <span class='ocrx_word' id='word_1_82' title='bbox 508 2141 621 2214; x_wconf 82' lang='lat' dir='ltr'>dejecta</span> <span class='ocrx_word' id='word_1_83' title='bbox 638 2142 717 2200; x_wconf 76' lang='lat' dir='ltr'><strong>ABG.</strong></span> <span class='ocrx_word' id='word_1_84' title='bbox 756 2144 789 2196; x_wconf 71' lang='lat'>14</span> <span class='ocrx_word' id='word_1_85' title='bbox 808 2155 877 2197; x_wconf 89' lang='lat' dir='ltr'>cura</span> <span class='ocrx_word' id='word_1_86' title='bbox 896 2137 968 2197; x_wconf 82' lang='lat' dir='ltr'>fehlt</span> <span class='ocrx_word' id='word_1_87' title='bbox 985 2140 1017 2195; x_wconf 87' lang='lat' dir='ltr'>b.</span> <span class='ocrx_word' id='word_1_88' title='bbox 1051 2142 1086 2194; x_wconf 77' lang='lat'>22</span> <span class='ocrx_word' id='word_1_89' title='bbox 1104 2138 1181 2196; x_wconf 76' lang='lat' dir='ltr'>iactu</span> <span class='ocrx_word' id='word_1_90' title='bbox 1198 2141 1232 2194; x_wconf 82' lang='grc' dir='ltr'>Δ.</span> 
     </span>
    </p>
   </div>
   <div class='ocr_carea' id='block_1_5' title="bbox 788 2455 1249 2534">
    <p class='ocr_par' dir='ltr' id='par_1_7' title="bbox 788 2455 1249 2534">
     <span class='ocr_line' id='line_1_13' title="bbox 788 2455 1249 2534; baseline -0.009 0"><span class='ocrx_word' id='word_1_91' title='bbox 788 2458 877 2534; x_wconf 80' lang='grc'><strong>844.</strong></span> <span class='ocrx_word' id='word_1_92' title='bbox 911 2459 972 2533; x_wconf 85' lang='lat' dir='ltr'>De</span> <span class='ocrx_word' id='word_1_93' title='bbox 996 2483 1024 2530; x_wconf 89' lang='lat' dir='ltr'>s.</span> <span class='ocrx_word' id='word_1_94' title='bbox 1045 2455 1249 2530; x_wconf 87' lang='lat' dir='ltr'>Benedicto.</span> 
     </span>
    </p>
   </div>
   <div class='ocr_carea' id='block_1_6' title="bbox 367 2666 1670 3062">
    <p class='ocr_par' dir='ltr' id='par_1_8' title="bbox 368 2666 1670 2959">
     <span class='ocr_line' id='line_1_14' title="bbox 369 2666 1502 2751; baseline 0 -18"><span class='ocrx_word' id='word_1_95' title='bbox 369 2668 480 2734; x_wconf 80' lang='lat' dir='ltr'>Pleuse</span> <span class='ocrx_word' id='word_1_96' title='bbox 501 2667 617 2731; x_wconf 86' lang='lat' dir='ltr'>messis</span> <span class='ocrx_word' id='word_1_97' title='bbox 639 2666 827 2750; x_wconf 80' lang='lat' dir='ltr'>manipulis,</span> <span class='ocrx_word' id='word_1_98' title='bbox 1047 2667 1159 2731; x_wconf 88' lang='lat' dir='ltr'>mortis</span> <span class='ocrx_word' id='word_1_99' title='bbox 1181 2666 1279 2750; x_wconf 86' lang='lat' dir='ltr'>bujur</span> <span class='ocrx_word' id='word_1_100' title='bbox 1303 2667 1502 2751; x_wconf 81' lang='lat' dir='ltr'>ergastulum</span> 
     </span>
     <span class='ocr_line' id='line_1_15' title="bbox 369 2768 1670 2853; baseline 0.004 -20"><span class='ocrx_word' id='word_1_101' title='bbox 369 2771 577 2852; x_wconf 76' lang='lat' dir='ltr'>congregatis</span> <span class='ocrx_word' id='word_1_102' title='bbox 601 2769 786 2853; x_wconf 88' lang='lat' dir='ltr'>discipulis,</span> <span class='ocrx_word' id='word_1_103' title='bbox 1047 2768 1179 2833; x_wconf 89' lang='lat' dir='ltr'>solvens</span> <span class='ocrx_word' id='word_1_104' title='bbox 1201 2777 1235 2833; x_wconf 94' lang='lat' dir='ltr'>et</span> <span class='ocrx_word' id='word_1_105' title='bbox 1258 2771 1366 2835; x_wconf 85' lang='lat' dir='ltr'>carnis</span> <span class='ocrx_word' id='word_1_106' title='bbox 1388 2772 1550 2837; x_wconf 81' lang='lat' dir='ltr'>vinculum</span> <span class='ocrx_word' id='word_1_107' title='bbox 1631 2776 1670 2838; x_wconf 87' lang='grc'>15</span> 
     </span>
     <span class='ocr_line' id='line_1_16' title="bbox 368 2869 1487 2959; baseline 0.004 -23"><span class='ocrx_word' id='word_1_108' title='bbox 368 2873 456 2936; x_wconf 89' lang='lat' dir='ltr'>miris</span> <span class='ocrx_word' id='word_1_109' title='bbox 478 2869 630 2956; x_wconf 76' lang='lat' dir='ltr'>splendet</span> <span class='ocrx_word' id='word_1_110' title='bbox 651 2871 815 2937; x_wconf 76' lang='lat' dir='ltr'>miraculis</span> <span class='ocrx_word' id='word_1_111' title='bbox 1046 2872 1161 2936; x_wconf 86' lang='lat' dir='ltr'>transit</span> <span class='ocrx_word' id='word_1_112' title='bbox 1183 2873 1225 2938; x_wconf 92' lang='lat' dir='ltr'>ad</span> <span class='ocrx_word' id='word_1_113' title='bbox 1250 2875 1302 2940; x_wconf 86' lang='lat' dir='ltr'>dei</span> <span class='ocrx_word' id='word_1_114' title='bbox 1324 2875 1487 2959; x_wconf 86' lang='lat' dir='ltr'>populum.</span> 
     </span>
    </p>

    <p class='ocr_par' dir='ltr' id='par_1_9' title="bbox 367 2976 738 3062">
     <span class='ocr_line' id='line_1_17' title="bbox 367 2976 738 3062; baseline -0.003 -21"><span class='ocrx_word' id='word_1_115' title='bbox 367 2978 431 3042; x_wconf 80' lang='lat' dir='ltr'>vira</span> <span class='ocrx_word' id='word_1_116' title='bbox 454 2977 587 3043; x_wconf 87' lang='lat' dir='ltr'>lucerna</span> <span class='ocrx_word' id='word_1_117' title='bbox 609 2976 738 3062; x_wconf 92' lang='lat' dir='ltr'>populis</span> 
     </span>
    </p>
   </div>
   <div class='ocr_carea' id='block_1_7' title="bbox 975 3112 1668 3495">
    <p class='ocr_par' dir='ltr' id='par_1_10' title="bbox 1045 3112 1544 3200">
     <span class='ocr_line' id='line_1_18' title="bbox 1045 3112 1544 3200; baseline 0.004 -20"><span class='ocrx_word' id='word_1_118' title='bbox 1045 3112 1212 3197; x_wconf 79' lang='lat' dir='ltr'>Fratrem,</span> <span class='ocrx_word' id='word_1_119' title='bbox 1235 3132 1381 3179; x_wconf 88' lang='lat' dir='ltr'>sororem</span> <span class='ocrx_word' id='word_1_120' title='bbox 1403 3116 1544 3200; x_wconf 90' lang='lat' dir='ltr'>populns</span> 
     </span>
    </p>

    <p class='ocr_par' dir='ltr' id='par_1_11' title="bbox 975 3217 1503 3303">
     <span class='ocr_line' id='line_1_19' title="bbox 975 3217 1503 3303; baseline 0 -20"><span class='ocrx_word' id='word_1_121' title='bbox 975 3291 979 3299; x_wconf 31' lang='lat'><strong>¹</strong></span> <span class='ocrx_word' id='word_1_122' title='bbox 1046 3217 1145 3283; x_wconf 87' lang='lat' dir='ltr'>deflet</span> <span class='ocrx_word' id='word_1_123' title='bbox 1165 3227 1199 3283; x_wconf 91' lang='lat' dir='ltr'>et</span> <span class='ocrx_word' id='word_1_124' title='bbox 1221 3220 1322 3284; x_wconf 87' lang='lat' dir='ltr'>omnis</span> <span class='ocrx_word' id='word_1_125' title='bbox 1343 3221 1470 3303; x_wconf 87' lang='lat' dir='ltr'>oculus,</span> <span class='ocrx_word' id='word_1_126' title='bbox 1500 3228 1503 3233; x_wconf 85' lang='lat'>&#39;</span> 
     </span>
    </p>

    <p class='ocr_par' dir='ltr' id='par_1_12' title="bbox 1046 3325 1668 3495">
     <span class='ocr_line' id='line_1_20' title="bbox 1046 3325 1532 3405; baseline 0.002 -17"><span class='ocrx_word' id='word_1_127' title='bbox 1046 3341 1127 3405; x_wconf 85' lang='lat' dir='ltr'>qnos</span> <span class='ocrx_word' id='word_1_128' title='bbox 1151 3332 1336 3389; x_wconf 89' lang='lat' dir='ltr'>sanctorum</span> <span class='ocrx_word' id='word_1_129' title='bbox 1358 3325 1532 3391; x_wconf 77' lang='lat' dir='ltr'>fasciculus</span> 
     </span>
     <span class='ocr_line' id='line_1_21' title="bbox 1046 3426 1668 3495; baseline 0.008 -6"><span class='ocrx_word' id='word_1_130' title='bbox 1046 3435 1157 3489; x_wconf 87' lang='lat' dir='ltr'>servat</span> <span class='ocrx_word' id='word_1_131' title='bbox 1179 3432 1213 3489; x_wconf 91' lang='lat' dir='ltr'>et</span> <span class='ocrx_word' id='word_1_132' title='bbox 1233 3426 1317 3490; x_wconf 92' lang='lat' dir='ltr'>idem</span> <span class='ocrx_word' id='word_1_133' title='bbox 1341 3427 1487 3492; x_wconf 87' lang='lat' dir='ltr'>tumulus.</span> <span class='ocrx_word' id='word_1_134' title='bbox 1625 3428 1668 3495; x_wconf 84' lang='lat'>20</span> 
     </span>
    </p>
   </div>
   <div class='ocr_carea' id='block_1_8' title="bbox 368 3124 993 3253">
    <p class='ocr_par' dir='ltr' id='par_1_13' title="bbox 368 3124 993 3253">
     <span class='ocr_line' id='line_1_22' title="bbox 368 3124 993 3253; baseline -0.011 -17"><span class='ocrx_word' id='word_1_135' title='bbox 368 3171 405 3236; x_wconf 91' lang='lat' dir='ltr'>ln</span> <span class='ocrx_word' id='word_1_136' title='bbox 427 3124 628 3253; x_wconf 80' lang='lat' dir='ltr'>paupertatis</span> <span class='ocrx_word' id='word_1_137' title='bbox 651 3167 782 3253; x_wconf 82' lang='lat' dir='ltr'>praediis</span> <span class='ocrx_word' id='word_1_138' title='bbox 974 3168 993 3229; x_wconf 91' lang='grc'>5</span> 
     </span>
    </p>
   </div>
   <div class='ocr_carea' id='block_1_9' title="bbox 369 3272 795 3558">
    <p class='ocr_par' dir='ltr' id='par_1_14' title="bbox 369 3272 795 3558">
     <span class='ocr_line' id='line_1_23' title="bbox 369 3272 706 3339; baseline -0.015 0"><span class='ocrx_word' id='word_1_139' title='bbox 369 3272 527 3339; x_wconf 87' lang='lat' dir='ltr'>duodenis</span> <span class='ocrx_word' id='word_1_140' title='bbox 549 3272 706 3337; x_wconf 86' lang='lat' dir='ltr'>ooenobiis</span> 
     </span>
     <span class='ocr_line' id='line_1_24' title="bbox 369 3373 699 3441; baseline 0 -2"><span class='ocrx_word' id='word_1_141' title='bbox 369 3376 546 3441; x_wconf 83' lang='lat' dir='ltr'>distributis</span> <span class='ocrx_word' id='word_1_142' title='bbox 570 3376 603 3439; x_wconf 90' lang='lat' dir='ltr'>in</span> <span class='ocrx_word' id='word_1_143' title='bbox 625 3373 699 3439; x_wconf 86' lang='lat' dir='ltr'>tiliis</span> 
     </span>
     <span class='ocr_line' id='line_1_25' title="bbox 369 3476 795 3558; baseline -0.007 -15"><span class='ocrx_word' id='word_1_144' title='bbox 369 3497 409 3543; x_wconf 89' lang='lat' dir='ltr'>ac</span> <span class='ocrx_word' id='word_1_145' title='bbox 431 3485 616 3542; x_wconf 90' lang='lat' dir='ltr'>sanctornm</span> <span class='ocrx_word' id='word_1_146' title='bbox 639 3476 795 3558; x_wconf 83' lang='lat' dir='ltr'>collegiis.</span> 
     </span>
    </p>
   </div>
   <div class='ocr_carea' id='block_1_10' title="bbox 368 3645 1443 4063">
    <p class='ocr_par' dir='ltr' id='par_1_15' title="bbox 368 3645 1443 4063">
     <span class='ocr_line' id='line_1_26' title="bbox 368 3645 1443 3754; baseline -0.006 -19"><span class='ocrx_word' id='word_1_147' title='bbox 368 3670 448 3735; x_wconf 91' lang='lat' dir='ltr'>Post</span> <span class='ocrx_word' id='word_1_148' title='bbox 469 3688 617 3754; x_wconf 88' lang='lat' dir='ltr'>specum,</span> <span class='ocrx_word' id='word_1_149' title='bbox 640 3687 734 3751; x_wconf 89' lang='lat' dir='ltr'>quem</span> <span class='ocrx_word' id='word_1_150' title='bbox 756 3666 907 3749; x_wconf 89' lang='lat' dir='ltr'>incoluit,</span> <span class='ocrx_word' id='word_1_151' title='bbox 1045 3645 1240 3711; x_wconf 64' lang='lat' dir='ltr'>3⁰³⁰di⁰t⁰⁸</span> <span class='ocrx_word' id='word_1_152' title='bbox 1262 3648 1295 3712; x_wconf 64' lang='lat'>5¹¹</span> <span class='ocrx_word' id='word_1_153' title='bbox 1318 3647 1443 3730; x_wconf 64' lang='lat' dir='ltr'>grafia&gt;</span> 
     </span>
     <span class='ocr_line' id='line_1_27' title="bbox 369 3749 1418 3852; baseline -0.013 -16"><span class='ocrx_word' id='word_1_154' title='bbox 369 3772 425 3839; x_wconf 88' lang='lat' dir='ltr'>ubi</span> <span class='ocrx_word' id='word_1_155' title='bbox 446 3772 502 3837; x_wconf 85' lang='lat' dir='ltr'>lux</span> <span class='ocrx_word' id='word_1_156' title='bbox 523 3770 644 3836; x_wconf 90' lang='lat' dir='ltr'>mundo</span> <span class='ocrx_word' id='word_1_157' title='bbox 666 3771 797 3852; x_wconf 90' lang='lat' dir='ltr'>claruit,</span> <span class='ocrx_word' id='word_1_158' title='bbox 952 3769 993 3833; x_wconf 87' lang='grc'>10</span> <span class='ocrx_word' id='word_1_159' title='bbox 1045 3749 1234 3815; x_wconf 50' lang='lat' dir='ltr'>benedicit&amp;</span> <span class='ocrx_word' id='word_1_160' title='bbox 1255 3751 1288 3815; x_wconf 82' lang='lat' dir='ltr'>i1¹</span> <span class='ocrx_word' id='word_1_161' title='bbox 1310 3750 1418 3833; x_wconf 71' lang='lat' dir='ltr'>gloria</span> 
     </span>
     <span class='ocr_line' id='line_1_28' title="bbox 369 3850 1410 3954; baseline -0.015 -22"><span class='ocrx_word' id='word_1_162' title='bbox 369 3884 509 3941; x_wconf 76' lang='lat' dir='ltr'>castrum</span> <span class='ocrx_word' id='word_1_163' title='bbox 531 3874 700 3941; x_wconf 70' lang='lat' dir='ltr'>Ominum</span> <span class='ocrx_word' id='word_1_164' title='bbox 722 3873 842 3954; x_wconf 62' lang='lat' dir='ltr'>mit,</span> <span class='ocrx_word' id='word_1_165' title='bbox 1045 3850 1139 3917; x_wconf 72' lang='lat' dir='ltr'>nobis</span> <span class='ocrx_word' id='word_1_166' title='bbox 1163 3850 1204 3915; x_wconf 78' lang='lat' dir='ltr'>de</span> <span class='ocrx_word' id='word_1_167' title='bbox 1225 3853 1299 3918; x_wconf 82' lang='lat' dir='ltr'>coeli</span> <span class='ocrx_word' id='word_1_168' title='bbox 1321 3854 1410 3918; x_wconf 76' lang='lat' dir='ltr'>tlllrla</span> 
     </span>
     <span class='ocr_line' id='line_1_29' title="bbox 369 3952 1397 4063; baseline -0.018 -18"><span class='ocrx_word' id='word_1_169' title='bbox 369 3981 420 4045; x_wconf 91' lang='lat' dir='ltr'>cui</span> <span class='ocrx_word' id='word_1_170' title='bbox 442 3980 573 4063; x_wconf 73' lang='lat' dir='ltr'>praefuit</span> <span class='ocrx_word' id='word_1_171' title='bbox 595 3988 629 4044; x_wconf 91' lang='lat' dir='ltr'>et</span> <span class='ocrx_word' id='word_1_172' title='bbox 647 3978 780 4063; x_wconf 84' lang='lat' dir='ltr'>proluit.</span> <span class='ocrx_word' id='word_1_173' title='bbox 1045 3960 1141 4036; x_wconf 60' lang='lat' dir='ltr'>brata</span> <span class='ocrx_word' id='word_1_174' title='bbox 1163 3952 1248 4018; x_wconf 67' lang='lat' dir='ltr'>ferai</span> <span class='ocrx_word' id='word_1_175' title='bbox 1270 3954 1397 4017; x_wconf 61' lang='lat' dir='ltr'>auxilia·</span> 
     </span>
    </p>
   </div>
   <div class='ocr_carea' id='block_1_11' title="bbox 367 4164 1478 4252">
    <p class='ocr_par' dir='ltr' id='par_1_16' title="bbox 367 4164 1478 4252">
     <span class='ocr_line' id='line_1_30' title="bbox 367 4164 1478 4252; baseline 0.004 -19"><span class='ocrx_word' id='word_1_176' title='bbox 367 4167 449 4233; x_wconf 88' lang='lat' dir='ltr'>ilinc</span> <span class='ocrx_word' id='word_1_177' title='bbox 470 4176 546 4252; x_wconf 91' lang='lat' dir='ltr'>post</span> <span class='ocrx_word' id='word_1_178' title='bbox 567 4168 719 4231; x_wconf 82' lang='lat' dir='ltr'>virtutum</span> <span class='ocrx_word' id='word_1_179' title='bbox 744 4164 904 4230; x_wconf 89' lang='lat' dir='ltr'>cumulum</span> <span class='ocrx_word' id='word_1_180' title='bbox 1044 4164 1150 4233; x_wconf 86' lang='lat' dir='ltr'>Putris</span> <span class='ocrx_word' id='word_1_181' title='bbox 1173 4170 1260 4234; x_wconf 91' lang='lat' dir='ltr'>beati</span> <span class='ocrx_word' id='word_1_182' title='bbox 1280 4171 1394 4235; x_wconf 86' lang='lat' dir='ltr'>merito</span> <span class='ocrx_word' id='word_1_183' title='bbox 1416 4178 1478 4237; x_wconf 87' lang='lat' dir='ltr'>etc.</span> 
     </span>
    </p>
   </div>
   <div class='ocr_carea' id='block_1_12' title="bbox 365 4350 1670 4515">
    <p class='ocr_par' dir='ltr' id='par_1_17' title="bbox 365 4350 1670 4515">
     <span class='ocr_line' id='line_1_31' title="bbox 453 4350 1670 4423; baseline 0.002 -14"><span class='ocrx_word' id='word_1_184' title='bbox 453 4354 515 4409; x_wconf 80' lang='lat' dir='ltr'>llas.</span> <span class='ocrx_word' id='word_1_185' title='bbox 534 4368 591 4407; x_wconf 84' lang='lat' dir='ltr'>von</span> <span class='ocrx_word' id='word_1_186' title='bbox 610 4352 639 4406; x_wconf 87' lang='lat' dir='ltr'>S.</span> <span class='ocrx_word' id='word_1_187' title='bbox 660 4351 745 4406; x_wconf 83' lang='lat' dir='ltr'>Peter</span> <span class='ocrx_word' id='word_1_188' title='bbox 763 4367 798 4405; x_wconf 82' lang='lat' dir='ltr'>nu</span> <span class='ocrx_word' id='word_1_189' title='bbox 815 4350 959 4423; x_wconf 74' lang='lat' dir='ltr'>salzburg</span> <span class='ocrx_word' id='word_1_190' title='bbox 976 4350 1023 4421; x_wconf 84' lang='lat' dir='ltr'>lll,</span> <span class='ocrx_word' id='word_1_191' title='bbox 1041 4354 1058 4407; x_wconf 80' lang='lat' dir='ltr'>&#39;t</span> <span class='ocrx_word' id='word_1_192' title='bbox 1076 4351 1132 4407; x_wconf 87' lang='lat' dir='ltr'>und</span> <span class='ocrx_word' id='word_1_193' title='bbox 1150 4350 1183 4423; x_wconf 84' lang='lat' dir='ltr'>V,</span> <span class='ocrx_word' id='word_1_194' title='bbox 1201 4354 1226 4409; x_wconf 86' lang='grc'>8.</span> <span class='ocrx_word' id='word_1_195' title='bbox 1261 4355 1346 4410; x_wconf 87' lang='lat' dir='ltr'>Beide</span> <span class='ocrx_word' id='word_1_196' title='bbox 1371 4355 1420 4411; x_wconf 87' lang='lat' dir='ltr'>des</span> <span class='ocrx_word' id='word_1_197' title='bbox 1441 4358 1473 4410; x_wconf 89' lang='grc'>15</span> <span class='ocrx_word' id='word_1_198' title='bbox 1491 4356 1590 4412; x_wconf 80' lang='lat' dir='ltr'>Jahrb.</span> <span class='ocrx_word' id='word_1_199' title='bbox 1614 4357 1670 4412; x_wconf 89' lang='lat' dir='ltr'>und</span> 
     </span>
     <span class='ocr_line' id='line_1_32' title="bbox 365 4439 579 4515; baseline -0.009 -20"><span class='ocrx_word' id='word_1_200' title='bbox 365 4439 579 4515; x_wconf 75' lang='lat' dir='ltr'>gleicblautend.</span> 
     </span>
    </p>
   </div>
   <div class='ocr_carea' id='block_1_13' title="bbox 522 4740 1515 4844">
    <p class='ocr_par' dir='ltr' id='par_1_18' title="bbox 522 4740 1515 4844">
     <span class='ocr_line' id='line_1_33' title="bbox 522 4740 1515 4844; baseline 0.001 -28"><span class='ocrx_word' id='word_1_201' title='bbox 522 4740 609 4816; x_wconf 88' lang='grc'>845.</span> <span class='ocrx_word' id='word_1_202' title='bbox 646 4744 689 4814; x_wconf 92' lang='lat' dir='ltr'>ln</span> <span class='ocrx_word' id='word_1_203' title='bbox 717 4742 823 4815; x_wconf 83' lang='lat' dir='ltr'>natali</span> <span class='ocrx_word' id='word_1_204' title='bbox 851 4768 878 4816; x_wconf 91' lang='lat' dir='ltr'>s.</span> <span class='ocrx_word' id='word_1_205' title='bbox 900 4742 1085 4817; x_wconf 83' lang='lat' dir='ltr'>Benedicti</span> <span class='ocrx_word' id='word_1_206' title='bbox 1109 4742 1247 4817; x_wconf 80' lang='lat' dir='ltr'>abbatis</span> <span class='ocrx_word' id='word_1_207' title='bbox 1271 4746 1515 4844; x_wconf 72' lang='lat' dir='ltr'>(troparium).</span> 
     </span>
    </p>
   </div>
   <div class='ocr_carea' id='block_1_14' title="bbox 367 4953 1569 5148">
    <p class='ocr_par' dir='ltr' id='par_1_19' title="bbox 367 4953 1569 5148">
     <span class='ocr_line' id='line_1_34' title="bbox 367 4953 1473 5026; baseline 0.003 -4"><span class='ocrx_word' id='word_1_208' title='bbox 367 4960 396 5022; x_wconf 92' lang='grc'>1.</span> <span class='ocrx_word' id='word_1_209' title='bbox 428 4953 541 5021; x_wconf 89' lang='lat' dir='ltr'>Sancti</span> <span class='ocrx_word' id='word_1_210' title='bbox 562 4956 677 5022; x_wconf 86' lang='lat' dir='ltr'>merita</span> <span class='ocrx_word' id='word_1_211' title='bbox 1042 4960 1072 5024; x_wconf 64' lang='grc' dir='ltr'>Β.</span> <span class='ocrx_word' id='word_1_212' title='bbox 1105 4958 1269 5025; x_wconf 81' lang='lat' dir='ltr'>Verendae</span> <span class='ocrx_word' id='word_1_213' title='bbox 1292 4960 1473 5026; x_wconf 88' lang='lat' dir='ltr'>sanctitatis</span> 
     </span>
     <span class='ocr_line' id='line_1_35' title="bbox 430 5059 1569 5148; baseline 0 -21"><span class='ocrx_word' id='word_1_214' title='bbox 430 5059 598 5127; x_wconf 88' lang='lat' dir='ltr'>Benedicti</span> <span class='ocrx_word' id='word_1_215' title='bbox 619 5060 730 5128; x_wconf 81' lang='lat' dir='ltr'>inclita</span> <span class='ocrx_word' id='word_1_216' title='bbox 1106 5080 1146 5126; x_wconf 87' lang='lat' dir='ltr'>ac</span> <span class='ocrx_word' id='word_1_217' title='bbox 1169 5063 1397 5129; x_wconf 88' lang='lat' dir='ltr'>monachorum</span> <span class='ocrx_word' id='word_1_218' title='bbox 1419 5064 1569 5148; x_wconf 81' lang='lat' dir='ltr'>praesnlis</span> 
     </span>
    </p>
   </div>
   <div class='ocr_carea' id='block_1_15' title="bbox 0 0 1950 6025">
    <p class='ocr_par' dir='ltr' id='par_1_20' title="bbox 0 0 1950 6025">
     <span class='ocr_line' id='line_1_36' title="bbox 0 0 1950 6025; baseline 0 1"><span class='ocrx_word' id='word_1_219' title='bbox 0 0 1950 6025; x_wconf 95' lang='lat' dir='ltr'> </span> 
     </span>
    </p>
   </div>
  </div>
 </body>
</html>
