3892 6025
276 816 395 884 Crucis
416 814 542 900 signum
564 816 645 882 theu
666 815 762 882 litera

275 921 377 986 tronti
398 917 566 986 Frunoieci
587 919 748 997 sentitur,

275 1043 338 1107 per
360 1023 455 1088 vnrin
477 1019 684 1104 distinguitur

275 1121 425 1188 miranda
446 1120 528 1188 tucis
549 1139 661 1206 opere

961 815 1036 880 duur
1060 813 1117 880 tibi
1138 813 1255 884 librum
1279 819 1432 903 apperuit

959 933 1021 1000 pro
1044 917 1181 984 virtutis
1194 918 1320 988 indicio.

958 1105 1073 1173 Crucis
1095 1109 1224 1176 herens
1247 1113 1394 1198 vestigiis

957 1209 1064 1274 crucis
1086 1210 1224 1277 irnctnru
1247 1214 1473 1296 consequitur,

274 1311 393 1378 crucis
414 1311 552 1378 verbum
573 1311 767 1395 proponitur
860 1311 903 1376 2⁵
957 1309 1034 1376 dum
1054 1310 1136 1378 Jesu
1157 1331 1256 1379 cerne
1279 1315 1423 1400 pingitur

1518 629 1587 705 000

1541 1319 1584 1386 30

274 1416 430 1480 frutribus
451 1433 513 1498 per
534 1411 713 1480 Antonium

276 1529 311 1583 et
332 1516 527 1584 Franciscus
550 1517 594 1583 nd
616 1519 732 1583 ostium

274 1622 309 1685 in
331 1619 459 1686 modum
482 1621 588 1687 crucis
611 1623 762 1687 cernitur.

956 1420 991 1478 et
1012 1414 1159 1498 signetur
1180 1415 1335 1500 insigniis.

956 1603 1071 1670 Crucis
1094 1604 1196 1671 virtus
1219 1615 1252 1672 et
1274 1611 1382 1691 grutin

954 1727 1015 1775 nos
1038 1709 1208 1795 consignet
1230 1713 1263 1776 in
1285 1712 1445 1778 frontibus

274 1805 390 1873 Crucis
413 1817 542 1874 sacratu
563 1809 662 1875 lectio
954 1816 987 1878 in
1010 1816 1161 1881 membris
1185 1825 1219 1881 et
1240 1817 1273 1880 in
1296 1819 1445 1883 sensibus

273 1919 326 1975 ter
348 1909 526 1978 Franciscn
548 1929 585 1978 se
607 1912 765 1996 prebuit,
858 1912 900 1976 30
953 1931 1015 2000 pro
1037 1918 1173 2000 perenni
1195 1915 1351 1984 custodia.
1381 1937 1485 1984 nmen.
1537 1919 1580 1984 to

344 2095 392 2150 iis
409 2112 445 2152 ru
461 2096 599 2154 iiiucien
617 2097 687 2156 orm
706 2099 803 2156 tosto.
820 2098 873 2156 des
893 2103 926 2156 tt
942 2101 1042 2158 sturm
1061 2115 1118 2158 von
1136 2101 1306 2176 'l’egerusee
1334 2105 1367 2157 at
1387 2102 1486 2160 inser
1504 2103 1580 2160 huic.

548 2399 635 2473 928.
665 2395 947 2500 Aiiueirymuus
972 2398 1019 2472 de
1046 2427 1074 2472 s.
1100 2401 1304 2474 Francisuo.

273 2619 469 2685 Franciscus
491 2617 611 2684 Christi
634 2621 742 2703 gratia

273 2723 448 2805 inspiratus
470 2721 655 2789 medullitus

274 2843 452 2890 conversus
478 2833 583 2890 estet
606 2826 714 2890 omniu

273 2925 397 3008 sprevit
420 2933 550 2991 terrena
572 2925 725 2993 funditus.

952 2639 1048 2685 unum
1070 2639 1190 2704 gerens
1213 2619 1401 2701 tuniculam,

885 2743 891 2750 ·
951 2724 1029 2792 tune
1051 2726 1245 2810 praecmtus
1267 2725 1408 2790 renibus.

951 2911 1072 2980 Forma
1094 2913 1199 2982 tacui
1221 2914 1385 2981 humilium

951 3017 1141 3082 sublimatur
1162 3018 1196 3081 in
1217 3015 1343 3099 gloria,

951 3128 1155 3203 contemptor
1181 3118 1404 3203 temporalium
1539 3120 1580 3182 15

950 3229 1069 3305 regnat
1091 3220 1183 3286 dives
1205 3220 1238 3285 in
1255 3220 1371 3305 patria.

271 3115 384 3182 Nudus
407 3135 517 3182 corum
538 3118 692 3203 pontifice

273 3219 411 3285 cilinium
433 3222 518 3285 olam
539 3223 668 3325 hebuit3

272 3341 396 3387 memor
417 3325 530 3390 mortis
552 3324 721 3391 dominice

273 3424 388 3491 nudari
409 3445 475 3492 non
497 3429 633 3494 erubuit,
949 3414 1110 3482 Vernrnm
1131 3422 1228 3498 pater
1249 3432 1443 3498 pauperum,

949 3536 1011 3584 nos
1031 3524 1186 3602 perpetes
1207 3517 1261 3585 inc
1281 3516 1410 3602 spiritu,

950 3627 1120 3686 consortes
1142 3618 1244 3684 redde
1267 3636 1420 3704 superum

856 3721 897 3785 to
950 3730 1082 3805 ereptos
1105 3724 1147 3787 nb
1169 3720 1307 3787 interitu.
1341 3738 1443 3786 umen.
1532 3720 1576 3785 to

272 3614 435 3680 itinerum
455 3615 595 3681 tundens
619 3616 764 3683 ordinem

272 3715 367 3782 nudis
390 3717 509 3784 incedit
529 3718 683 3804 pedibus,

360 3904 490 3961 iiieeelbe
509 3905 557 3963 iis.
594 3910 797 3977 timeremur,
815 3908 864 3965 ue

717 4209 803 4285 929.
837 4208 943 4282 Alius
968 4206 1130 4307 hymnus.

948 4410 1159 4477 Franciscum
1181 4411 1260 4475 mire
1283 4409 1380 4474 satiat

948 4514 1000 4578 vis
1023 4512 1142 4579 umoris
1164 4510 1332 4596 praeuipui.

272 4410 466 4477 Francisnus
480 4421 576 4487 ‚emat
594 4416 686 4481 unice

271 4512 397 4594 terum,
420 4513 475 4596 qui
497 4514 711 4599 crucifigitur,

271 4625 377 4682 mente
400 4616 520 4684 devote
543 4620 688 4707 simplice

271 4718 426 4785 crucifixo
447 4721 629 4809 configitur.
947 4700 1143 4769 Franciscue
1165 4698 1248 4767 Jesu
1268 4700 1366 4764 nimio
1464 4761 1469 4773 ,

948 4822 1059 4869 amore
1082 4801 1157 4868 dnm
1179 4800 1334 4882 afficitur,

269 4908 478 4980 Franciscum
501 4931 592 4981 emor
614 4916 720 4984 ebriet
874 4920 896 4985 5
948 4904 986 4971 fit
1008 4905 1081 4990 ejus
1102 4900 1343 4969 transformatio

270 5012 351 5080 iesu
374 5033 437 5100 pro
458 5018 552 5085 nobie
574 5020 708 5103 mortui,
948 5008 1126 5090 interum,
1148 5008 1204 5092 qui
1226 5004 1381 5090 diligitur.

327 5143 414 5197 ⁸⁰³2·
431 5146 516 5201 hirto.
532 5149 656 5209 tirunen-
685 5149 734 5198 ut.
1332 5108 1377 5173 ω
