3892 6025
281 815 451 898 eleganter
474 814 644 899 expolitoe,
887 821 907 882 5

279 937 332 982 me
356 937 494 1002 egenum
517 917 684 1002 exaudite,

323 1024 355 1087 in
378 1042 508 1088 servum
530 1044 581 1089 me
604 1027 773 1112 suscipito!

278 1203 353 1287 Ego
375 1225 501 1290 pauper
524 1215 622 1290 atque
644 1208 736 1292 telis,

279 1317 314 1374 nt
337 1309 395 1374 sim
420 1319 532 1376 vester
553 1313 708 1397 specialis

278 1420 391 1476 vestro
413 1411 545 1478 fervens
567 1414 599 1479 in
622 1433 749 1498 amore,
864 1418 904 1483 10

277 1521 391 1579 vestro
414 1515 471 1580 fiet
494 1535 566 1583 cum
588 1518 718 1601 lavore,

278 1615 353 1680 dnm
375 1635 436 1682 vos
459 1635 518 1682 oro
541 1620 595 1684 vel
617 1620 762 1706 honoro,

278 1727 408 1803 gratum
431 1722 472 1784 sit
485 1701 525 1786 'in
548 1732 660 1788 vestro
683 1725 785 1792 choro

322 1830 355 1887 et
377 1823 482 1889 vicem
504 1843 616 1908 queso
638 1827 774 1894 reddite.

279 2002 306 2068 0
328 2007 462 2089 puellse,
486 2025 506 2072 ο
529 1997 691 2093 agnellae,
863 2013 902 2076 15

278 2105 399 2172 Christi
422 2127 509 2174 carso
532 2111 755 2196 columbellae,

278 2210 348 2274 sine
371 2209 446 2276 dolo
470 2213 539 2277 sine
562 2212 653 2294 lelle,

277 2313 351 2377 coeli
372 2314 493 2398 stellse,
516 2315 570 2380 dei
593 2317 702 2399 cellae,

272 2417 412 2499 jubilate
434 2429 637 2502 purpuratae,

279 2527 461 2604 coronatae,
485 2533 697 2607 congregatae
858 2527 900 2590 20

321 2644 392 2689 cum
415 2643 502 2709 agno
523 2627 726 2694 innocentiae.

276 2803 303 2870 0
327 2826 422 2889 quam
445 2809 523 2873 estis
541 2809 611 2893 jam
634 2829 778 2894 securae,

275 2909 339 2976 deo
362 2930 491 2997 semper
508 2916 670 2995 fruiturae,

275 3036 437 3099 nunquam
460 3036 500 3083 eo
523 3020 691 3103 pariturae,

276 3138 348 3184 cum
372 3139 436 3203 quo
459 3122 537 3186 estis
559 3142 798 3209 permansurus,
858 3126 899 3190 25

275 3243 370 3306 quem
392 3226 525 3309 videtis,
549 3246 643 3309 quem
664 3230 795 3311 tenetis,

276 3331 330 3412 qni
352 3349 412 3396 vos
435 3333 517 3397 ulnis
540 3333 669 3416 stringit
691 3332 775 3399 laetis

318 3449 434 3497 serena
457 3432 567 3497 ridens
590 3434 683 3499 lacis.

276 3609 302 3675 0
325 3612 449 3695 reginae
472 3613 653 3697 puellares,

273 3716 427 3797 passione
449 3716 562 3783 sancta
583 3736 699 3802 pares,
856 3723 898 3788 30

276 3819 339 3886 deo
362 3837 423 3884 vos
444 3821 633 3905 familiares,

274 3924 481 4007 perdilectae,
504 3926 703 4009 singulares,

274 4046 360 4093 nunc
382 4028 540 4111 gaudete,
563 4048 648 4095 nuno
669 4028 802 4116 florete,

274 4148 405 4216 semper
423 4152 537 4215 uovae,
560 4152 690 4219 semper
712 4134 798 4201 laetae

317 4237 469 4305 festivum
491 4238 625 4305 chorum
647 4240 762 4305 ducite.
855 4242 897 4305 35

275 4401 344 4467 Vos
363 4402 519 4486 jocundae
538 4402 748 4488 philomene,

274 4526 408 4589 querum
431 4516 545 4573 tnrmae
567 4516 641 4573 snut
663 4508 818 4591 undenae,

274 4626 405 4694 sponsae
428 4609 481 4675 dei
505 4609 567 4676 (leo
589 4609 713 4695 plenus,

273 4713 446 4779 decantate
468 4714 597 4781 laudern
619 4716 703 4781 bene

275 4818 454 4901 virginales
475 4840 537 4903 per
560 4819 698 4885 choreas
855 4821 897 4884 40

275 4931 308 4986 et
331 4923 482 4987 coelestes
503 4924 711 5007 perplacens

314 5024 491 5107 jocundum
515 5044 645 5091 carmen
668 5026 774 5091 dicite.

960 819 1044 886 Date
1067 838 1167 886 voces
1190 822 1223 888 in
1245 823 1389 908 sublimi,

960 923 1150 1007 angelorum
1172 926 1263 992 clnon'
1282 931 1377 1013 primi

958 1027 1066 1093 locum
1088 1028 1205 1095 dautes
1227 1031 1441 1120 admirentur,
1540 1042 1583 1104 45

953 1126 1175 1212 jocundantes
1196 1134 1414 1221 colloeteutnr,

901 1285 903 1290 ,
957 1237 1101 1296 vestram
1125 1251 1243 1299 novam
1265 1237 1451 1323 melodiam,

957 1331 1133 1400 inauditam
1155 1335 1358 1406 harmoniam

1002 1439 1163 1506 auscultat
1184 1451 1299 1509 sancta
1320 1447 1456 1513 trinitas.

957 1617 985 1684 0
1007 1619 1136 1688 dilectae
1159 1643 1372 1712 consorores,
1540 1634 1581 1699 50

956 1741 1091 1805 quarum
1113 1747 1274 1812 nunquam
1296 1743 1442 1801 marcent
1465 1735 1581 1820 flores,

955 1824 1029 1908 ipse
1050 1827 1113 1893 sibi
1130 1847 1191 1895 vos
1213 1833 1382 1918 praevidit,

956 1929 1012 2011 qui
1034 1929 1075 1994 de
1097 1932 1184 1998 valle
1206 1953 1267 2000 vos
1287 1937 1455 2024 precidit,

954 2050 1017 2096 vos
1039 2033 1153 2117 elegit,
1176 2055 1237 2100 vos
1260 2039 1393 2124 collegit

955 2133 1042 2198 etin
1065 2144 1186 2202 sertum
1209 2140 1271 2203 sibi
1294 2140 1394 2224 fregit
1538 2148 1579 2210 55

998 2235 1246 2319 pulcherrimum
1271 2240 1430 2308 divinitas.

954 2415 1020 2498 Te,
1043 2434 1064 2481 o
1087 2421 1181 2484 turba
1202 2441 1382 2505 generosa,

953 2521 1051 2604 presit
1072 2521 1127 2586 illa
1149 2523 1270 2590 llorens
1293 2544 1384 2612 rosa,

953 2623 1025 2689 sola
1053 2643 1131 2690 rosa
1152 2629 1362 2714 principalis,

953 2746 1015 2793 nec
1037 2737 1089 2794 est
1109 2730 1154 2796 ihi
1175 2749 1252 2797 ross
1274 2735 1361 2818 talis,
1537 2741 1578 2804 60

953 2851 1026 2915 quae
1049 2835 1091 2899 sit
1114 2837 1176 2902 sibi
1198 2841 1389 2922 coaequalis,

952 2947 1058 3002 mater
1078 2946 1147 3004 tota
1171 2942 1337 3025 curialis„

997 3059 1070 3122 quae
1093 3043 1165 3107 tulit
1187 3045 1260 3108 coeli
1284 3044 1453 3112 (lominum.

950 3218 1028 3301 lpsa
1053 3227 1103 3283 est
1124 3219 1245 3287 dilecta
1266 3243 1353 3305 mea,

950 3328 1013 3388 'vos
1035 3325 1227 3409 praecedens
1249 3328 1282 3391 in
1305 3329 1443 3413 choree,
1534 3333 1575 3396 65
1603 3383 1605 3386 .

952 3426 1045 3511 cujus
1068 3445 1185 3493 nomen
1207 3439 1241 3495 et
1262 3450 1407 3514 persona

951 3529 1011 3594 snt
1032 3531 1121 3595 lucet
1142 3533 1176 3595 in
1199 3533 1342 3615 euroni,

951 3652 1048 3716 quum
1069 3635 1234 3718 inscripsit
1256 3635 1336 3702 deus
1360 3646 1472 3722 pater,

949 3736 1023 3802 lnaec
1046 3745 1097 3801 est
1118 3739 1175 3803 illa
1196 3740 1278 3808 Jesu
1300 3750 1419 3823 mater,

994 3840 1100 3907 Maria
1121 3844 1218 3926 virgo
1240 3844 1411 3926 virginum.
1530 3846 1572 3909 '10

950 4027 1032 4093 llaec
1053 4041 1113 4090 vos
1135 4028 1232 4109 praeit
1254 4046 1325 4092 cum
1347 4027 1495 4110 honore,

950 4130 1083 4195 trahens
1106 4149 1165 4195 suo
1186 4148 1250 4195 vos
1271 4130 1390 4213 odore,

950 4235 1059 4299 lerens
1081 4236 1208 4319 signum
1229 4235 1405 4317 vexillare,

950 4340 1134 4406 modulatur
1155 4342 1249 4407 vobis
1272 4340 1378 4423 clare,

949 4464 1011 4529 per
1032 4443 1167 4526 floreta,
1188 4464 1251 4526 per
1272 4450 1384 4509 roseta
1532 4445 1574 4505 '15

950 4550 1070 4633 promit
1092 4566 1209 4614 novum
1232 4566 1363 4613 carmen
1383 4545 1471 4624 loeta,

995 4659 1164 4717 cantantes
1188 4650 1427 4733 subsequimini.

951 4813 1100 4881 Summas
1122 4833 1222 4881 voces
1246 4814 1450 4897 angelorum,

950 4938 1044 4985 omne
1067 4921 1169 4983 melos
1191 4936 1388 5003 organorum

951 5022 1025 5089 lnaeo
1047 5020 1156 5085 divina
1178 5021 1363 5105 philomena
1532 5018 1575 5084 80
