3892 6025
672 1010 676 1020 ⁴
752 1073 837 1149 731.
875 1073 994 1146 Prusa
1019 1070 1064 1145 de
1089 1070 1311 1173 martyribus.

534 1292 561 1359 0
584 1297 681 1359 beata
703 1296 871 1359 bealorum
894 1300 1072 1377 martyrum
1091 1293 1282 1376 certamina,

534 1416 554 1463 o
577 1396 696 1463 devote
720 1396 894 1463 recolenda
916 1398 1075 1461 viatorum
1098 1396 1282 1461 sollemnia!

532 1569 630 1653 Digni
653 1569 760 1652 dignis
783 1570 909 1653 fulgent
933 1570 1035 1653 signis
1058 1576 1091 1633 et
1113 1568 1230 1634 florent
1251 1568 1440 1651 virtutibus,

533 1674 607 1739 illos
629 1692 759 1758 semper
782 1672 1000 1738 condecenter
1021 1691 1215 1737 veneremur
1236 1670 1394 1735 laudibus.

532 1842 629 1925 Fide,
651 1850 747 1921 voto,
771 1842 871 1909 eorde
893 1850 962 1909 loto
986 1843 1194 1908 adhaeserunt
1216 1842 1345 1907 domino

533 1956 567 2014 et
588 1948 699 2013 invicti
721 1954 796 2012 sunt
818 1946 940 2013 addicti
963 1948 1066 2013 atroei
1087 1946 1254 2030 martyrio.

533 2117 716 2201 carcerali,
740 2116 906 2201 trucidati,
930 2125 1161 2183 tormentorum
1184 2136 1308 2200 genera

531 2223 609 2305 igne
630 2222 716 2303 laesi,
738 2221 827 2286 ferro
850 2222 929 2285 oaesi
951 2221 1157 2306 pertulerunt
1178 2221 1326 2305 plurima.

533 2391 616 2457 Dum
639 2393 687 2457 sio
708 2393 784 2455 lorti
806 2390 925 2456 cedunt
946 2393 1042 2455 morti
1064 2392 1170 2455 earnis
1192 2410 1253 2474 per
1273 2392 1454 2475 interitum,

534 2504 570 2562 ul
592 2496 689 2561 eleoti
711 2502 784 2560 sunl
806 2493 917 2580 adepti
939 2497 1108 2560 beatorum
1131 2495 1308 2578 praemium.

531 2666 597 2733 Per
619 2674 836 2750 contemptum
859 2665 1092 2731 mundanorum
1114 2673 1147 2731 et
1170 2686 1232 2750 per
1253 2668 1342 2732 bella
1362 2667 1461 2732 lortia

531 2776 716 2835 meruerunt
739 2770 928 2853 angelornm
950 2771 1093 2836 viatores
1118 2771 1291 2835 consortia.

530 2940 621 3026 Ergo
643 2942 721 3007 lauti
744 2940 924 3006 coheredes
947 2940 1078 3007 Christo
1099 2942 1132 3005 in
1155 2943 1343 3039 caelestibus

532 3045 618 3131 apud
640 3047 745 3130 ipsum
767 3054 846 3110 vota
867 3052 979 3111 nostra
1001 3055 1191 3130 promovete
1214 3048 1383 3132 precibus,

530 3217 576 3284 Ut
595 3226 671 3304 post
692 3218 788 3282 finem
810 3218 907 3302 hujus
926 3219 1004 3282 vitae
1026 3225 1059 3283 et
1081 3224 1157 3303 post
1178 3219 1365 3284 transitoria
1639 3222 1681 3283 15

530 3324 563 3387 in
584 3323 720 3406 perenni
740 3341 920 3386 mereamur
942 3323 1089 3386 exultare
1112 3323 1227 3405 gloria.

469 3489 517 3543 lls.
534 3505 569 3544 uu
586 3491 709 3546 Adrnont
727 3507 753 3544 o.
767 3489 820 3543 No.
839 3491 871 3542 15
889 3489 989 3544 Janrh.
1008 3489 1072 3558 (A).
1106 3488 1154 3543 lls.
1174 3489 1301 3544 daselbst
1319 3488 1372 3545 No.
1391 3491 1450 3544 751.
1470 3489 1520 3544 des
1538 3489 1681 3544 lllahrlr.

373 3577 424 3632 mit
441 3577 563 3631 Neumeu
585 3577 647 3650 (B).
684 3577 731 3631 lla.
750 3593 784 3630 uu
803 3576 832 3630 S.
854 3575 938 3629 Peter
962 3576 991 3628 in
1010 3574 1153 3646 Salzburg
1172 3575 1230 3644 Vll,
1248 3577 1285 3629 20
1308 3575 1358 3629 des
1379 3577 1413 3628 ll
1430 3575 1530 3630 Jahrlr.
1555 3577 1605 3632 mit
1630 3577 1683 3632 der

373 3664 495 3720 lllelodie
514 3665 575 3733 (0).
612 3663 661 3720 Boi
679 3664 767 3734 Gropp
786 3663 881 3732 script.
899 3663 1080 3734 Wireebnrg.
1094 3667 1120 3730 2,
1130 3664 1182 3717 895
1201 3664 1266 3732 (D).
1302 3663 1382 3718 Aueln
1402 3661 1448 3717 bei
1468 3663 1565 3718 Dauid
1578 3666 1605 3732 2,
1618 3666 1682 3718 2111.

373 3752 421 3808 Hs.
439 3769 496 3807 von
515 3752 544 3806 S.
563 3751 647 3806 Peter
665 3768 700 3805 nu
719 3749 876 3806 Karlsrulre
894 3751 946 3804 No.
967 3752 1008 3804 16.
1026 3767 1053 3820 p.
1071 3752 1131 3804 397.
1149 3749 1201 3804 mit
1218 3750 1269 3804 der
1286 3749 1425 3819 melodis,
1444 3752 1478 3804 ll
1495 3749 1596 3805 Jahrb.
1616 3750 1681 3821 (ll).

464 3875 478 3925 1
498 3871 646 3929 sollemnia
663 3872 748 3941 ΕΑΒ,
767 3888 801 3926 so
820 3872 910 3928 haben
928 3871 1000 3926 auch
1019 3872 1063 3926 die
1082 3872 1198 3927 meister
1215 3873 1383 3943 Ausguben,
1408 3872 1454 3926 ioli
1472 3874 1556 3927 nalem
1570 3872 1683 3945 jedoeh

373 3959 419 4015 die
442 3960 544 4016 Lesart
568 3975 624 4015 von
649 3961 671 4016 G
697 3957 759 4028 aul,
791 3959 858 4014 weil
882 3960 924 4014 sie
948 3958 1032 4014 aul2
1051 3960 1118 4014 Tim.
1136 3961 1163 4029 l,
1180 3963 1197 4012 7
1215 3960 1335 4029 bennit,
1366 3976 1415 4016 wo
1436 3961 1531 4016 donum
1548 3965 1684 4014 carloman

375 4047 481 4100 ebenso
506 4047 556 4101 mit
578 4063 678 4103 rororeu
697 4048 858 4102 verbunden
878 4047 929 4116 ist,
954 4047 1009 4101 wie
1027 4046 1090 4101 hier
1108 4048 1184 4102 leole
1200 4052 1345 4102 certamino
1362 4047 1412 4102 mit
1430 4052 1545 4102 odelerio.
1582 4051 1600 4101 2
1619 4064 1683 4102 cer-

373 4132 478 4187 tamina
495 4133 598 4190 ABDE.
639 4131 769 4204 3sulgel
788 4165 819 4176 -
839 4130 944 4188 florens
962 4135 995 4188 Α
1045 4131 1144 4188 liulf.
1163 4140 1192 4189 et
1210 4135 1240 4191 G.
1283 4134 1372 4188 'ldie
1390 4134 1493 4188 aweite
1513 4133 1611 4188 llillle
1630 4135 1683 4189 des

372 4219 477 4274 verses
503 4222 580 4276 stelit
604 4237 640 4276 an
665 4221 714 4276 der
732 4220 823 4276 Stella
848 4221 896 4278 des
915 4219 1068 4292 folgenden
1088 4221 1192 4275 Verses
1215 4222 1272 4276 und
1292 4221 1361 4292 jene
1389 4220 1450 4275 bier
1474 4222 1503 4276 in
1523 4224 1552 4277 D.
1588 4222 1684 4276 seint

372 4303 394 4361 f.
413 4307 454 4361 sio
472 4308 530 4363 AB.
558 4309 593 4361 10
611 4307 736 4378 paradisi
754 4307 871 4378 praemia
887 4309 920 4378 D,
939 4309 1055 4378 praemia
1068 4309 1125 4378 AB,
1143 4308 1228 4364 electi
1242 4307 1464 4377 durobstrioheu‚
1483 4310 1540 4364 und
1558 4308 1683 4363 daniber

372 4394 464 4464 erepti
482 4399 601 4466 gesem,
619 4394 669 4448 des
682 4395 792 4450 Reimes
806 4411 917 4466 wegen,
937 4397 968 4465 B,
987 4396 1087 4450 merita
1100 4395 1152 4452 GE.
1190 4397 1224 4448 12
1242 4394 1309 4450 vict,
1328 4391 1403 4450 fehlt
1418 4396 1452 4450 A.
1489 4399 1524 4450 ll
1538 4395 1685 4452 Christum

371 4480 391 4534 l'.
410 4480 464 4550 ips.
482 4480 513 4535 li.
550 4483 584 4535 15
603 4482 689 4555 hujus
708 4480 754 4537 fin.
775 4483 827 4540 GE.

463 4603 496 4659 V.
510 4607 535 4662 2.
562 4605 714 4661 recolenda
726 4605 871 4662 solemnia.
903 4602 980 4661 δεῦτε
998 4602 1201 4680 φιλομάρτυρες
1219 4605 1321 4669 πιστοὶ,
1351 4599 1508 4674 τιμήσωμεν
1526 4602 1594 4664 τούς
1611 4601 1686 4678 peip·

371 4710 458 4768 ιυρας
476 4693 505 4747 ἐν
523 4693 639 4764 ἐτησίοις
657 4692 743 4768 ᾠδαῖς
762 4698 806 4750 καὶ
826 4691 947 4768 ᾄσμασιν
966 4694 994 4750 ἐν
1012 4699 1109 4750 πίστει.
1139 4693 1261 4748 Triodlon
1278 4687 1315 4760 Ζ,
1339 4693 1366 4745 2.
1401 4691 1561 4760 Martyrum
1580 4705 1687 4746 memo·

370 4778 429 4834 rias
449 4778 633 4850 celebramus,
652 4789 737 4852 alque
756 4783 785 4836 in
804 4782 946 4851 convivio,
965 4797 1022 4852 quo
1040 4787 1070 4836 et
1088 4781 1142 4852 ipsi
1161 4779 1281 4836 saturati
1296 4783 1370 4847 sunt,
1388 4778 1425 4832 ed
1437 4794 1562 4832 mensam
1577 4775 1686 4832 domini

370 4866 536 4923 accedimus.
573 4868 609 4924 ad
627 4869 717 4939 ipsam
735 4885 858 4924 mensam
876 4887 932 4925 non
951 4869 994 4922 sie
1011 4884 1062 4923 eos
1076 4883 1333 4935 commemoramus,
1352 4865 1583 4936 quemadmodum
1597 4865 1684 4934 alios,

369 4955 417 5024 qui
435 4953 463 5009 in
481 4971 553 5026 paee
570 4955 759 5026 requiescunt,
777 4962 807 5011 ut
825 4956 911 5011 etiam
929 4970 983 5027 pro
1002 4955 1044 5010 eis
1063 4971 1183 5025 oremus,
1202 4954 1252 5012 sed
1269 4952 1374 5026 magis,
1391 4956 1424 5007 ul
1441 4950 1496 5022 ipsi
1514 4968 1569 5024 pro
1587 4952 1682 5010 uobis.

368 5042 501 5112 Arpano.
519 5040 549 5098 in
567 5058 668 5115 evang.
687 5043 753 5100 ‚leh⁴
771 5049 806 5099 tr.
825 5043 868 5114 81,
888 5045 913 5097 1.
