3892 6025
372 634 436 697 126

372 820 466 887 Unde
490 819 532 885 ad
555 829 588 885 to
611 818 763 901 coniugio
1051 815 1143 892 Quod
1166 824 1202 880 ιιι
1224 824 1300 881 tuno
1323 816 1429 900 possit
1450 816 1538 898 lieri,

372 932 405 991 et
427 932 563 1007 propter
584 922 672 985 illum
700 924 858 1002 obsecro,
1050 939 1135 983 nunc
1158 938 1254 982 aures
1276 918 1372 1003 pulsa
1394 918 1528 999 domini,

373 1029 427 1111 qui
450 1034 483 1091 to
506 1025 648 1091 salvavit
670 1023 815 1103 dubium,
959 1024 997 1081 15
1050 1028 1086 1083 ut
1108 1019 1298 1101 quadratam
1320 1020 1493 1084 virtutihus

373 1130 448 1196 dum
470 1130 537 1194 lers
559 1131 592 1193 in
614 1128 699 1193 latus
722 1126 866 1209 digitum,
1050 1125 1117 1189 lahi
1138 1142 1203 1187 non
1227 1126 1312 1188 sinat
1334 1124 1488 1207 amplius,

1050 1285 1093 1351 Ει
1116 1285 1157 1351 ad
1181 1286 1294 1369 culpas
1316 1286 1510 1350 immobilem

1051 1390 1133 1471 figat
1155 1396 1188 1453 et
1209 1388 1303 1453 honis
1326 1388 1492 1464 stabilem,
1635 1390 1679 1451 30

1052 1490 1138 1575 quod
1162 1490 1312 1574 dignetur
1335 1490 1533 1573 concedere,

1053 1595 1107 1676 qui
1130 1595 1235 1659 erexit
1257 1596 1290 1657 in
1313 1595 1440 1675 virgine

373 1340 416 1407 Ut
439 1343 498 1405 sim
520 1339 562 1404 de
585 1357 649 1404 non
672 1338 856 1403 videntibus

374 1453 408 1509 et
430 1447 526 1509 beate
551 1442 768 1508 credentibus.

374 1548 552 1612 architecte
575 1547 748 1628 mirabilia,

375 1649 416 1714 de
440 1650 524 1713 vivia
547 1647 693 1712 aediliciis

1051 1759 1143 1823 Illam
1166 1757 1294 1823 domum
1314 1758 1498 1841 mirificam,

375 1860 512 1926 Sumeus
533 1863 564 1925 in
588 1870 677 1925 terra
699 1863 852 1946 pretium,
1053 1880 1146 1943 quam
1170 1861 1319 1924 transivit
1342 1878 1405 1923 non
1427 1862 1574 1944 perviam

376 1983 511 2029 servans
535 1966 619 2029 ooelo
641 1966 810 2048 palatium,
1053 1971 1086 2026 et
1106 1963 1163 2027 illo
1185 1980 1272 2026 novo
1290 1963 1426 2026 transitu
1634 1966 1679 2027 35

375 2086 461 2153 pone
483 2068 583 2132 muris
606 2068 788 2133 Jerusalem
986 2124 992 2139 ,
1052 2083 1112 2128 noa
1132 2066 1233 2128 traxit
1254 2068 1296 2128 ah
1318 2065 1447 2130 interitu

269 2235 273 2243 .
375 2192 426 2237 me
449 2173 502 2237 vel
527 2182 706 2237 extremum
727 2172 877 2255 lapidem.
1053 2174 1204 2249 suscepto
1228 2168 1335 2231 carnia
1359 2166 1478 2232 habitu.

466 2352 670 2424 Strascburger
687 2350 735 2407 Hs.
754 2351 784 2405 E.
804 2352 863 2405 135.
881 2348 922 2403 m
942 2350 984 2403 50.
1004 2351 1038 2403 14
1050 2349 1151 2404 Jahrh.

465 2478 482 2529 7
501 2475 636 2547 quamvis,
654 2474 701 2529 lle.
720 2470 766 2528 liar
783 2489 839 2529 non
857 2474 937 2527 wire
957 2473 1054 2527 besser
1072 2489 1115 2539 ne,
1134 2473 1204 2529 aber
1221 2473 1304 2528 6-8
1322 2472 1385 2529 sind
1403 2473 1488 2529 damit
1505 2473 1578 2530 doch
1598 2474 1680 2530 nieht

378 2578 450 2635 gaon
469 2564 645 2635 hergcstollt.
682 2564 699 2618 8
718 2563 796 2632 duce,
814 2562 861 2617 Hs.

463 2685 496 2741 V.
516 2688 539 2741 1.
558 2686 672 2741 dhnlich
690 2686 780 2741 heisst
798 2702 829 2740 er
847 2685 875 2739 in
893 2684 945 2739 den
964 2684 1080 2740 hienaen
1099 2684 1202 2757 Θωμᾶς
1221 2683 1236 2741 ὅ
1256 2684 1426 2759 θαυμάσιος.
1452 2688 1512 2745 ort
1529 2689 1554 2744 6.

467 2772 501 2825 V.
520 2776 545 2827 2.
564 2777 637 2848 χειρὶ
655 2770 860 2849 φιλοπράγμονι
879 2775 961 2827 θείαν
979 2771 1098 2846 πλευρὰν
1117 2772 1301 2847 dinoscimur.
1328 2774 1389 2831 ort
1408 2776 1434 2829 6.

465 2859 498 2914 V.
521 2862 561 2914 17.
579 2858 612 2934 τῇ
630 2859 712 2933 πιστῇ
732 2856 845 2931 ἀπιστίᾳ
865 2879 917 2915 σου
936 2857 999 2921 τοὺς
1017 2857 1133 2922 πιστοὺς
1150 2860 1324 2932 ἐβεβαίωσας.
1349 2862 1410 2919 θοι.
1428 2862 1453 2917 6.

729 3187 815 3262 715.
852 3187 910 3258 De
931 3211 959 3258 s.
986 3185 1127 3259 Thomu
1153 3186 1324 3300 apostolo.

377 3411 403 3477 0
428 3409 567 3493 Thoma,
591 3409 738 3494 didyme,
1051 3426 1204 3474 succurre
1226 3409 1321 3474 nohis
1344 3409 1485 3492 miseris,

378 3535 439 3599 per
483 3513 667 3596 Christum,
718 3533 813 3596 quem
856 3512 999 3576 meruisti
1051 3531 1092 3575 ne
1115 3511 1305 3578 damnemur
1326 3533 1399 3580 cnm
1420 3514 1525 3598 impiis

739 3625 894 3698 tangere,
1050 3617 1083 3680 in
1106 3614 1249 3681 adventu
1267 3616 1397 3702 judicis.

378 3727 410 3784 te
433 3719 585 3804 precibus
609 3737 762 3802 rogamus
786 3719 948 3800 altisonis,

469 3885 661 3943 Reichenauer
679 3887 727 3942 Ηι.
745 3887 797 3943 No.
815 3859 918 3941 cosm.
936 3889 961 3940 ἵ.
981 3884 1030 3940 des
1049 3887 1083 3938 15
1099 3885 1198 3942 Jahrh.
1216 3889 1267 3943 mit
1285 3887 1337 3944 der
1355 3887 1485 3946 hlelodie.

737 4187 823 4260 716.
862 4187 920 4258 De
946 4213 975 4258 s.
999 4187 1139 4260 Thomu
1167 4188 1338 4288 apostolo.

376 4405 477 4472 Salve
500 4407 622 4474 Thoma
643 4409 830 4503 gloriose,
1052 4419 1157 4477 tecum
1180 4411 1285 4495 plebia
1308 4411 1455 4495 copiosae

374 4514 498 4596 palmes
521 4515 596 4578 vitio
618 4515 814 4598 fructuosae,
1096 4516 1224 4580 mittens
1246 4515 1289 4580 ad
1311 4517 1467 4581 celestia

374 4626 407 4682 te
430 4617 565 4682 doctore
587 4619 731 4682 virtuose

419 4721 577 4803 gloriam,
600 4721 700 4790 haja,
1053 4706 1114 4784 Qui
1136 4706 1184 4771 sic
1206 4724 1242 4770 es
1264 4698 1517 4790 praedestinatus

1051 4820 1086 4874 et
1108 4830 1128 4873 a
1147 4808 1277 4874 Christo
1300 4812 1477 4893 vocitatus,
1638 4814 1680 4877 10

376 4909 477 4986 Quam
500 4909 660 4975 horrebas
682 4911 821 4993 seriose,
980 4914 1000 4974 5
1052 4919 1181 4976 nostros
1205 4911 1290 4976 dilue
1315 4920 1426 4978 reatus

374 5009 460 5076 hano
482 5012 645 5078 convertis
669 5013 828 5096 gratiose,
1095 5014 1224 5096 pietatis
1247 5015 1363 5096 gratia.
