3892 6025
366 655 431 720 278
508 743 511 748 .

452 839 501 894 lle.
519 855 555 892 nn
572 836 672 902 llains,
692 836 763 906 nug.
782 832 834 889 No.
852 835 914 889 teo.
932 832 975 890 Bi.
990 834 1050 888 tot.
1069 832 1117 888 (les
1132 836 1165 887 15
1179 833 1278 890 Jahrb.
1315 835 1345 890 lu
1363 835 1414 890 (lor
1428 835 1592 910 Sammlung
1610 851 1668 894 von

367 926 487 983 tiammo
514 942 549 981 ru
571 924 739 994 wirsburg
761 922 791 979 S
810 923 864 978 ooo
890 923 967 978 steht
995 921 1086 978 dieses
1112 921 1182 977 hiel
1205 923 1277 978 aueh
1303 938 1355 978 uus
1382 923 1445 978 dem
1470 923 1668 998 Noumbur'gsr

368 1014 494 1070 Brerier.

453 1139 471 1190 3
489 1137 582 1208 glosa,
600 1135 649 1192 tls.
667 1136 740 1191 nael
756 1134 810 1191 let
827 1133 1006 1206 Selrdbuug
1023 1132 1073 1188 «les
1092 1133 1282 1190 llittelslters
1325 1137 1343 1191 t
1362 1149 1467 1206 sponsa
1485 1132 1505 1191 f.
1524 1151 1599 1207 epea.
1618 1135 1667 1192 lls.

367 1227 386 1280 o
403 1224 518 1293 christi,
534 1225 582 1282 lla

454 1380 538 1436 lliese
562 1383 579 1435 3
601 1379 702 1435 Ηιᾱοι·
724 1377 777 1434 No.
800 1378 937 1433 seu-97
958 1377 1021 1432 sind
1045 1381 1177 1452 Ausnr'ige
1204 1378 1260 1434 und
1283 1377 1564 1452 Ueberarbeitungen
1590 1377 1667 1438 eines

367 1469 442 1522 noch
459 1467 656 1523 unbekannten
676 1465 834 1538 Originals,
869 1463 961 1520 haben
986 1464 1074 1520 daher
1097 1467 1213 1521 manche
1235 1465 1326 1521 Verso
1349 1465 1594 1535 undRAusdriiolre
1618 1469 1669 1525 mit

367 1555 503 1610 einander
520 1552 630 1626 gemein
648 1553 706 1608 und
722 1553 768 1608 lie
787 1551 972 1621 strophiselre
990 1551 1101 1624 Aulage
1126 1553 1162 1607 ist
1180 1552 1267 1608 ‹lurnlr
1285 1553 1332 1608 oie
1349 1553 1481 1624 Ansa'n'go
1499 1555 1669 1626 verdorben,

280 1667 286 1676 ·
367 1643 522 1699 besonders
543 1642 574 1696 in
596 1641 650 1697 No.
668 1642 722 1696 895
737 1639 795 1698 und
812 1641 855 1694 ss
890 1639 942 1695 Die
965 1639 1038 1697 uwei
1061 1645 1157 1696 ersten
1181 1640 1274 1696 Verso
1295 1641 1423 1697 lemures
1447 1641 1493 1697 als
1516 1643 1667 1698 Rundrein

364 1731 438 1785 auch
453 1730 483 1784 in
500 1726 653 1803 fulgenter
671 1729 723 1784 No.
741 1743 810 1797 vor,
840 1727 975 1782 seheineu
1001 1727 1064 1783 also
1091 1745 1125 1783 ru
1150 1728 1239 1786 einen
1262 1729 1330 1788 sehr
1353 1728 1511 1786 bekannten
1528 1730 1613 1788 liele
1632 1748 1668 1788 su
1795 1759 1796 1784 r

365 1818 498 1888 gehoren.

452 1973 503 2027 llio
520 1973 567 2028 lle.
586 1971 631 2041 lV,
649 1973 686 2026 ³8
703 1989 738 2026 zu
755 1971 785 2027 S.
803 1971 889 2026 Peter
908 1971 937 2026 in
951 1971 1097 2046 salzburg
1113 1972 1222 2028 enthiilt
1241 1975 1282 2030 Bl.
1302 1976 1353 2029 1oo
1372 1975 1416 2029 ein
1435 1971 1502 2029 Lietl
1521 1969 1576 2029 aul
1589 1973 1666 2030 disse

365 2058 476 2132 lleilige
494 2077 547 2116 aus
564 2060 625 2116 dem
643 2063 679 2116 te
695 2058 795 2115 tunm
812 2059 864 2114 mit
881 2059 1038 2116 multonem
1056 2057 1185 2134 Anfang:

469 2149 493 2206 0
511 2147 669 2220 margarita
685 2148 815 2219 pretiosa
1071 2152 1156 2219 pater
1172 2149 1287 2218 Dortus,
1303 2154 1394 2206 mater
1411 2151 1498 2220 Thes,
1553 2187 1555 2192 -

470 2242 500 2293 et
516 2237 651 2297 virtutum
668 2250 791 2292 vernans
808 2251 878 2291 rosa
934 2298 937 2303 ⁴
1074 2235 1116 2291 nie
1133 2243 1252 2292 vocatus
1271 2239 1454 2308 (1.vounrie)
1472 2238 1619 2296 Dorothes

507 2329 671 2380 senatorum
688 2339 795 2396 genere
1124 2331 1301 2398 congregato
1320 2327 1438 2384 nomine.

637 2679 725 2754 898.
751 2676 810 2751 Ile
836 2704 864 2750 s.
891 2667 1072 2752 Dorotheu
1096 2679 1240 2778 rirgine.
1278 2681 1401 2752 oratio.

530 2919 638 2986 Primo
658 2919 833 3004 columns.
879 2972 882 2977 <
1042 2915 1143 2985 Salvo
1167 2937 1244 2983 earu
1266 2935 1388 3002 sponsa
1409 2915 1549 3001 Christi,

999 3049 1004 3059 =
1042 3022 1147 3105 primo
1168 3038 1267 3104 passa
1290 3022 1338 3087 sie
1359 3005 1464 3103 luisti,

1042 3122 1195 3189 tribunali
1218 3125 1444 3207 praesentaris,

1043 3248 1065 3291 a
1085 3228 1244 3311 praeieoto
1266 3228 1446 3311 tribularis,

365 3083 465 3150 Salve
487 3092 601 3150 saneta
621 3083 804 3165 Dorothea,
826 3141 829 3147 ,

365 3186 442 3252 audi
464 3203 575 3268 quaeso
598 3193 676 3250 vota
697 3205 786 3267 men,

364 3297 399 3356 ¹¹¹
421 3308 570 3354 ⁰¹¹ffl⁰¹¹¹
593 3287 758 3407 ΜΨ
1043 3330 1128 3411 vult,
1151 3337 1186 3394 ut
1209 3328 1338 3397 thorum
1360 3330 1567 3416 oonjngalem
1625 3334 1668 3398 25

363 3392 572 3458 m⁰ffl⁰r⁸¹¹d⁰
594 3392 747 3458 d⁰V⁰i¹V⁰
1043 3451 1153 3499 seoum
1169 3432 1270 3498 intres
1294 3443 1327 3499 et
1349 3436 1512 3501 onrnalem

362 3508 429 3566 ua
451 3497 611 3583 passionis
633 3515 793 3579 normam,
969 3498 989 3559 ⁵
1044 3534 1155 3621 spreta
1178 3534 1298 3603 aneso
1320 3538 1368 3603 se
1390 3539 1515 3605 onena

363 3598 601 3684 oonpleotendo
623 3606 723 3665 totam
745 3600 896 3681 sormam,
1044 3642 1223 3706 simulacris
1246 3642 1416 3707 ,mitum

364 3723 500 3789 preoum
521 3720 667 3785 quoque,
689 3722 770 3785 quas
794 3700 905 3767 fudisti

363 3809 396 3872 in
417 3824 541 3891 agone,
564 3806 639 3872 dum
662 3807 768 3872 vicisti

363 3927 425 3995 pro
447 3909 553 3974 salute
574 3916 785 3993 peecatorum

363 4022 397 4079 et
418 4015 567 4100 profectu
589 4021 809 4097 posterorum,
949 4008 991 4073 10

362 4118 391 4181 si
413 4118 467 4201 qui
490 4126 554 4183 tuae
576 4117 739 4200 passionis

363 4217 469 4283 studio
492 4218 676 4283 devotionis

361 4329 500 4406 agerent
520 4322 707 4388 memoriale

361 4444 479 4491 nomen
501 4445 541 4492 oo
563 4426 771 4512 perpetuale,

364 4538 399 4595 ut
421 4529 589 4595 mundanis
611 4530 644 4592 in
668 4528 832 4612 pressuris
949 4530 989 4603 15

361 4651 572 4719 personarum
595 4640 629 4697 et
650 4632 782 4695 torturis

362 4754 473 4802 omnes
494 4735 542 4799 illi
564 4734 770 4800 salvarentur

362 4849 395 4905 et
417 4845 450 4904 in
472 4858 554 4924 paee
578 4847 797 4920 struerentur,

360 4962 478 5028 preces
500 4943 574 5008 illas
596 4943 650 5008 iao
671 4944 791 5009 mereri

272 5082 276 5089 ‚
361 5055 395 5111 et
418 5066 489 5112 oum
508 5047 606 5132 justis
629 5069 688 5116 nos
713 5050 847 5115 oenseri.
947 5050 990 5114 20
1042 5044 1143 5113 Salve
1166 5050 1310 5134 prudens
1333 5051 1508 5139 advocata,

1047 3744 1102 3831 eja
1123 3746 1218 3829 virgo
1241 3747 1410 3827 timorosa,

1042 3850 1127 3919 intus
1149 3857 1244 3917 extra
1266 3852 1429 3935 speciosa,
1625 3854 1667 3918 30

1036 3969 1151 4023 nonne
1174 3960 1208 4017 tu
1231 3951 1318 4017 fuisti
1339 3972 1439 4037 passa

1043 4062 1078 4120 et
1099 4055 1293 4122 cordetenus
1316 4056 1522 4140 conquassat

1043 4162 1106 4225 ista
1127 4178 1225 4243 poena
1247 4158 1399 4226 cordialis

1042 4280 1122 4325 vere
1144 4261 1204 4327 luit
1226 4262 1440 4345 tormentalis,

1024 4365 1116 4449 ,quis
1139 4382 1205 4431 non
1227 4365 1342 4431 eredat
1363 4374 1428 4431 tarn
1450 4368 1602 4432 tenellam
1625 4370 1667 4431 35

1044 4487 1118 4534 esse
1141 4476 1259 4533 tortam
1282 4477 1357 4535 tuno
1379 4470 1546 4554 puellam‘l

1043 4570 1221 4655 coaptatur
1245 4571 1319 4635 lunio
1340 4578 1475 4637 torturae

1042 4674 1121 4741 illud
1144 4675 1230 4759 quod
1251 4677 1360 4761 petisti
1383 4697 1479 4762 pure,

1042 4782 1195 4845 oonstans
1218 4779 1312 4861 virgo
1336 4778 1488 4845 deflorari

1042 4883 1129 4967 quod
1152 4901 1217 4948 non
1239 4886 1343 4967 possit
1364 4886 1419 4950 uel
1441 4887 1591 4971 stuprari.
1624 4888 1667 4954 40
