3892 6025
374 688 442 758 tot

599 878 779 962 acetosa.

374 1016 598 1090 Innocentiam
619 1015 764 1079 retinens

375 1122 593 1203 mundumque
615 1137 674 1184 eor
696 1116 836 1199 diligens
855 1100 868 1134 ‘⁸
962 1114 1005 1177 20

374 1246 438 1311 per
459 1244 575 1310 poeuas
597 1220 796 1305 temporales

376 1336 492 1417 portes
511 1325 657 1391 introivit
679 1320 861 1387 aeteruales

568 1514 813 1596 responsorium.

379 1650 476 1720 Felix
496 1650 596 1735 igitur
617 1650 825 1732 Margareta,

380 1756 544 1839 sacrilege
567 1755 725 1839 sauguine
748 1751 941 1837 progenita,

380 1858 467 1942 fide,
504 1877 600 1943 quam
636 1858 751 1941 spiritu
785 1862 899 1921 saneto
929 1874 1008 1937 per·

748 1960 853 2044 cepit,
965 1958 1007 2020 25

381 2063 534 2129 vitiorum
555 2061 689 2128 maculis
711 2061 815 2127 miuus
836 2058 957 2125 iuleeit.

636 2256 755 2314 verses
844 2229 849 2238 ’

383 2389 459 2460 Ibat
480 2390 523 2455 de
545 2388 665 2453 virtute
689 2387 722 2452 iu
744 2387 905 2467 virtmem,

385 2492 540 2559 ardenter
563 2490 675 2555 sitiens
699 2489 814 2573 auimae
837 2487 983 2552 salutem.

442 2734 447 2743 .
573 2682 816 2763 responsorium.

384 2814 468 2885 Haec
488 2814 618 2880 medica
641 2812 772 2897 quidem
794 2814 827 2878 iu
849 2813 981 2894 malitia,

386 2920 447 2987 sed
469 2920 549 2985 mire
570 2919 687 3002 vigens
709 2917 881 3002 pudicitia,
969 2915 1012 2979 30

385 3031 558 3109 praeventa
579 3021 686 3108 gratit
707 3021 923 3105 redemptoris

387 3129 535 3196 oviculas
557 3129 714 3212 pascebat
737 3126 880 3192 nutricia.

640 3317 759 3368 certor.

385 3436 535 3523 Simplex
556 3437 617 3504 luit
639 3446 674 3502 ut
697 3437 861 3517 eolumba,

386 3540 655 3626 quemadmodum
678 3558 816 3624 serpeus
840 3545 954 3603 astuta

576 3707 818 3788 responsorium.

388 3843 536 3924 Quadam
563 3843 622 3910 die.
639 3841 810 3926 Olybrius,

388 3947 545 4014 molestus
568 3944 630 4009 deo
654 3951 688 4008 et
710 3942 911 4024 hominibus,

390 4049 468 4116 dum
477 4050 639 4115 transiens
650 4049 754 4113 visum
763 4049 796 4110 iu
807 4067 877 4110 eam
886 4047 1017 4130 sparsit,

390 4172 468 4222 mox
489 4155 522 4220 in
545 4151 838 4236 eoueupiseeutiam
864 4149 935 4234 ejus
953 4154 1028 4213 ex·¹
1122 4171 1125 4177 ·

757 4254 846 4320 arsita

644 4434 763 4484 verses.

391 4555 475 4624 Erat
497 4555 581 4620 euim
604 4554 732 4618 nimium
754 4554 897 4618 formosa

391 4663 427 4727 in
450 4659 539 4724 vultu
561 4667 597 4723 et
618 4657 727 4722 floruit
748 4663 784 4724 nt
805 4675 891 4722 rosa.
976 4658 1019 4721 lo

616 4825 796 4910 otdtpbooo.
865 4881 868 4888 .

392 4962 592 5032 Desideraus
614 4963 756 5047 speeiem
779 4964 851 5048 ejus
881 5013 884 5020 -

392 5065 560 5135 benedixit
582 5085 654 5132 eam
676 5065 774 5149 deus,

1057 870 1191 936 uehens
1213 871 1301 935 illam
1323 869 1366 935 ad
1388 886 1426 934 se

1056 975 1090 1039 in
1112 974 1225 1039 laetitia
1248 981 1281 1037 et
1303 972 1513 1038 exultatione.

1056 1135 1220 1202 Virtutum
1243 1135 1409 1218 dominus,
1641 1132 1686 1193 45

1058 1249 1230 1325 suseeptor
1253 1239 1356 1321 illius,

1058 1361 1169 1407 areum
1190 1339 1334 1424 potentis
1357 1335 1528 1417 enutrivit,

1059 1446 1114 1527 qui
1136 1443 1311 1509 carnaliter
1334 1460 1406 1506 eam
1429 1437 1558 1505 oceidit.

1278 1662 1462 1745 antiplona
1583 1686 1586 1691 ’

1058 1827 1097 1894 lu
1118 1825 1226 1892 medie
1248 1828 1360 1910 templi

1059 1929 1149 2013 regis
1173 1930 1361 2014 sempiterni

1060 2033 1314 2127 misericerdiam
1336 2033 1495 2117 suscepit,

1063 2156 1128 2220 qna
1145 2136 1271 2222 jugiter
1293 2138 1458 2221 gaudebit.
1492 2212 1495 2219 Ι

1643 1928 1688 1992 50

1254 2347 1495 2427 responsorium

1064 2506 1154 2571 Misit
1175 2508 1322 2590 protinus
1345 2508 1480 2573 elieutes

1065 2609 1107 2674 ad
1130 2611 1340 2703 inquirendos
1363 2611 1435 2694 ejus
1457 2618 1628 2694 parentes,

1064 2720 1102 2778 nt
1123 2714 1151 2779 si
1172 2714 1277 2780 libera
1297 2717 1510 2799 prebaretur,
1580 2701 1583 2707 ¹

1064 2816 1099 2880 iu
1121 2817 1309 2900 eonjugium
1331 2818 1393 2883 sibi
1415 2819 1632 2903 eopularetur.

1645 2715 1688 2779 55

1314 3025 1433 3076 omitt.

1065 3169 1134 3237 Sed
1156 3172 1318 3258 huncqui
1339 3174 1607 3260 desponsaverat,

1064 3292 1130 3341 non
1152 3276 1198 3342 ita
1220 3275 1368 3344 Cllristus
1387 3280 1675 3365 praeordinaverat.
1787 3324 1788 3341 l

1256 3473 1500 3553 responsorium

1067 3627 1148 3696 Cum
1169 3639 1328 3715 tyrannus
1348 3634 1527 3716 intellexit,

1068 3732 1155 3817 qued
1177 3746 1250 3799 euru
1272 3735 1552 3819 virgedespexit,
1650 3739 1691 3803 60
1787 3742 1788 3745 ’

1063 3833 1163 3920 jussit
1185 3836 1321 3904 eandem
1343 3841 1448 3905 iratus
1481 3869 1485 3876 ·

1068 3939 1144 4004 suis.
1157 3943 1352 4024 praesentari
1372 3943 1604 4024 tribunalibus,

1265 4159 1282 4170 ¹*
1320 4148 1438 4202 omits·

999 4351 1004 4356 .
1062 4292 1171 4371 Quam
1195 4297 1343 4378 speravit
1363 4296 1544 4381 puellarum
1566 4314 1658 4361 more

950 4411 954 4416 ·
1069 4395 1163 4460 minis
1185 4397 1305 4462 inflecti
1328 4398 1500 4482 subjuncto
1522 4407 1663 4466 terrere.

1257 4602 1499 4682 responsorium.

1071 4759 1175 4842 Virgo
1198 4760 1404 4843 veneranda,
1652 4763 1692 4826 65

1009 4858 1014 4866 ’
1070 4865 1243 4948 lomagna
1266 4876 1419 4931 constans
1437 4867 1636 4951 constantia,

1071 4969 1175 5033 verba
1198 4973 1390 5053 contempsit
1407 4971 1542 5054 judieis,

1069 5070 1117 5155 nil
1138 5070 1286 5154 cogitans
1308 5071 1350 5137 de
1372 5073 1512 5139 lubricis.
