3892 6025
264 849 318 916 Ad
341 851 480 933 gloriam
501 851 544 914 de
565 850 672 933 gratia
943 851 1036 916 nobis
1058 852 1091 916 in
1115 869 1210 916 cursu
1232 851 1402 934 temporis,

305 956 455 1021 transivit
477 955 565 1020 dicta
587 957 708 1038 gratis,
986 955 1076 1020 finito
1099 975 1196 1020 cursu
1218 955 1333 1039 gloria.

264 1059 363 1141 plena
385 1057 531 1140 gaudens
552 1058 665 1122 letitia

306 1160 416 1225 dilecti
437 1163 498 1226 sub
519 1161 703 1244 praesentia.
940 1145 1021 1210 Jesu
1040 1146 1155 1210 Mariae
1178 1145 1246 1210 filio

984 1246 1055 1312 laus
1079 1247 1184 1311 honor
1206 1249 1248 1311 sit
1271 1255 1304 1310 et
1326 1249 1447 1331 gloria,

264 1350 411 1416 Alternis
433 1371 470 1416 se
493 1352 722 1436 conspectibus
846 1354 889 1414 25
941 1351 995 1432 qui
1018 1368 1077 1413 nos
1100 1353 1141 1414 ab
1165 1351 1228 1415 hoc
1250 1351 1348 1414 exilio
1525 1353 1566 1414 35

306 1464 479 1520 cernentes
502 1463 605 1520 mater
627 1454 711 1536 filia,
985 1457 1099 1520 ductos
1122 1457 1209 1522 locet
1230 1459 1262 1520 in
1284 1459 1401 1542 patria.

265 1561 369 1622 versis
392 1561 424 1622 iu
447 1560 560 1624 desum
581 1558 724 1624 vultibus

305 1671 438 1748 stupent
460 1663 645 1729 ineffabilia.
940 1644 1028 1710 Laus
1051 1647 1093 1710 δὴ
1115 1645 1230 1708 Maflae
1253 1645 1334 1728 fifi⁰s

986 1749 1088 1814 dulcis
1110 1747 1218 1814 Annae
1240 1750 1410 1833 nepotulo,

267 1851 342 1929 ouae
365 1853 464 1916 tentis
485 1853 594 1936 fulges
616 1851 756 1932 meritis,
942 1855 995 1935 qui
1018 1871 1078 1917 nos
1102 1856 1143 1918 ab
1168 1853 1231 1916 hoc
1253 1854 1350 1916 exilio

305 1973 367 2038 per
389 1964 422 2018 te
446 1954 585 2019 donetur
606 1954 713 2035 gratia
846 1955 888 2017 30
985 1963 1107 2020 tractos
1133 1975 1168 2018 se
1192 1961 1283 2038 potet
1308 1956 1435 2038 poculo.
1525 1957 1567 2018 40

353 2154 499 2225 Perg.·lls.
517 2154 570 2208 No.
590 2154 644 2208 94⁰
659 2170 696 2208 zu
710 2153 880 2223 Darnistadt,
898 2156 949 2209 mit
967 2154 1018 2210 der
1036 2155 1169 2223 Melodie,
1190 2159 1223 2210 tt
1240 2157 1338 2212 lauru.
1364 2193 1367 2201 ·

348 2295 383 2350 V.
402 2297 426 2349 6.
454 2294 608 2361 transitus,
626 2293 746 2369 σήμερον
762 2297 876 2364 μετέστη
894 2293 966 2369 πρὸς
983 2293 1031 2364 τήν
1049 2293 1123 2364 ζωήν.
1151 2295 1206 2350 dul
1224 2299 1267 2349 25.

178 2418 179 2447 ,
350 2383 382 2437 V.
402 2385 426 2436 9.
453 2382 489 2436 ad
508 2380 612 2450 coelos,
643 2381 733 2455 γῆθεν
759 2379 884 2457 ἀρθεῖσα
910 2381 981 2458 πρὸς
1005 2382 1039 2436 τὰ
1063 2381 1178 2458 οὐράνια
1205 2387 1451 2459 συνευφραινομένη
1470 2377 1567 2457 dp'protc'

267 2469 316 2525 τῶν
333 2469 465 2544 ἀγγέλων.
492 2470 547 2525 Jul.
565 2473 609 2523 25.

350 2561 388 2615 V.
406 2564 451 2614 25.
477 2557 600 2632 Ἰωακεὶμ
616 2564 662 2614 καὶ
677 2557 759 2616 Ἄννα
776 2557 959 2631 μεταστάντες
978 2558 1049 2634 πρὸς
1068 2557 1212 2634 dvpuolovc
1231 2561 1330 2630 σκηνὰς
1354 2560 1405 2616 σὺν
1427 2557 1460 2632 τῇ
1478 2555 1568 2614 αὐτῶν

269 2651 386 2726 θυγατρὶ
405 2647 606 2725 ὖπεραχρᾰηῳ
624 2651 761 2724 παρθένῳ
776 2649 834 2718 μετ’
852 2645 975 2719 α’ρρέλων
993 2645 1146 2724 χορεύουσι
1179 2647 1234 2704 lul
1252 2651 1295 2704 25.

732 3003 816 3077 793.
846 3003 905 3075 ne
929 3030 958 3075 s.
984 3005 1101 3076 Anna.

267 3236 351 3320 Ave,
376 3239 467 3301 salve
490 3236 734 3321 sanctadona,
940 3237 1041 3321 Legis
1064 3258 1200 3321 namque
1223 3240 1428 3307 maledictum

307 3361 422 3405 nomen
444 3341 547 3405 habes
570 3342 692 3423 gratia,
984 3342 1107 3425 patitur
1130 3344 1283 3407 sterilitas

268 3446 353 3529 cujus
378 3466 490 3509 verum
514 3446 588 3509 ooeli
609 3465 726 3509 manna
940 3444 1153 3525 Joachimque
1177 3446 1224 3509 sic
1247 3445 1400 3511 afflictum

306 3550 399 3616 nobis
421 3550 549 3632 profert
572 3548 647 3613 iilia.
984 3546 1062 3611 lecit
1083 3548 1317 3612 inioeounditss.
1524 3553 1565 3614 20

268 3736 386 3805 Sancta
407 3741 475 3803 vita
500 3740 643 3814 meruisti
868 3743 887 3801 5
941 3736 1042 3801 Salve
1064 3733 1177 3817 Anna,
1201 3756 1329 3819 semper
1352 3738 1479 3820 gaude,

307 3862 381 3907 esse
403 3842 498 3906 radix
521 3844 688 3926 germinis,
985 3838 1041 3903 tibi
1065 3858 1201 3923 namque
1226 3838 1372 3901 dominus

268 3963 327 4024 quo
348 3945 494 4029 prodivit
516 3946 622 4010 carnis
646 3945 767 4009 Christi
941 3943 1092 4025 angelum
1115 3943 1306 4025 transmisit,
1329 3942 1462 4027 plaude,

306 4049 366 4115 llos
389 4050 431 4114 de
453 4050 534 4115 dore
556 4051 700 4132 virginis.
986 4047 1060 4127 quia
1083 4046 1286 4111 nihilomiuus

268 4234 361 4304 Anna
383 4248 488 4304 mater
511 4236 672 4302 Samuelis
940 4237 1089 4303 Joachim
1113 4246 1164 4302 est
1186 4237 1379 4321 destinatuS,
1525 4242 1567 4303 25

307 4343 406 4409 flebat
427 4344 568 4426 gliscens
591 4342 705 4426 filium,
848 4343 887 4405 10
986 4344 1097 4406 ambos
1121 4359 1181 4404 vos
1205 4341 1374 4407 laetificans

269 4446 339 4510 avia
358 4446 576 4510 Emmanuelis
940 4442 982 4507 de
1007 4444 1176 4524 suturaque
1201 4443 1317 4507 affatus

307 4549 408 4615 flebas
430 4551 676 4634 improperium,
862 4612 868 4617 .
985 4548 1098 4613 sobole
1121 4547 1314 4611 certificans

267 4738 361 4827 Legis
385 4745 443 4811 tibi
466 4743 553 4826 quod
576 4742 741 4825 objectum
941 4738 1022 4803 Viro
1041 4746 1097 4802 tuo
1119 4737 1306 4815 occurristi,

309 4858 358 4914 cst
379 4872 400 4914 a
422 4848 656 4914 contribulibus
986 4843 1122 4924 angelus
1146 4850 1180 4907 ut
1198 4841 1332 4922 monuit,

270 4949 386 5035 ilesquo
407 4952 556 5021 doschim
579 4950 741 5034 abjectum
849 4951 888 5011 15
940 4946 1114 5032 gravidata
1136 4946 1295 5029 peperisti

311 5059 418 5143 templi
440 5079 461 5122 a
483 5057 667 5124 cultoribus.
985 5054 1099 5137 liliam,
1122 5072 1195 5134 quae
1218 5052 1331 5133 genuit
