3892 6025
169 356 516 493 ,ww

1483 695 1548 759 179

237 886 342 970 Cujus
365 884 497 949 fervens
518 884 551 947 in
575 898 684 947 amore
920 900 982 964 per
1004 898 1098 960 quem
1121 878 1269 947 Christus
1290 881 1366 946 dum
1388 880 1549 965 laudatur,

237 990 369 1073 spernit
390 987 541 1055 mundum
565 1006 637 1053 cum
660 984 790 1067 decore,
921 984 1016 1067 plebs
1039 980 1114 1045 hinc
1135 982 1247 1046 lucens
1272 980 1468 1065 indignatur,

169 1116 171 1203 p
236 1089 469 1156 blandimentis
492 1108 554 1153 nec
576 1088 742 1151 tormentis
829 1086 868 1147 15
921 1081 1052 1166 Agnem
1076 1103 1202 1166 magam
1225 1092 1425 1167 protestatur

279 1211 350 1257 non
373 1192 496 1255 mollita
515 1188 652 1273 judicia;
965 1186 1098 1250 tradens
1121 1187 1205 1251 hano
1228 1186 1391 1252 incendiis.

239 1314 382 1377 cumque
405 1294 520 1358 mentis
543 1294 573 1356 iu
598 1292 729 1356 fervore

238 1418 397 1484 sponsum
420 1401 535 1481 munit
558 1417 688 1483 ,pom
710 1416 816 1477 mom,
923 1372 991 1436 Sed
1014 1374 1106 1455 ignis¹
1122 1377 1301 1457 obstupens
1324 1376 1424 1449 cedit,
1506 1380 1549 1443 3⁵

238 1506 383 1590 spoliat,
410 1505 609 1569 vestimenti
923 1497 984 1543 nec
1006 1476 1136 1561 Agnem
1158 1500 1220 1545 nec
1241 1482 1348 1545 lanam
1371 1483 1471 1566 laedit,

281 1609 397 1673 oensis
422 1608 659 1691 intereamus.
828 1607 869 1669 20
923 1582 996 1666 vivs
1019 1582 1107 1647 nors
1131 1592 1164 1647 et
1185 1584 1319 1667 pudoris

966 1703 1032 1751 non
1054 1688 1163 1751 ferens
1185 1690 1378 1771 potentiam:

240 1800 333 1863 l'unc
356 1797 487 1861 inducta
508 1796 670 1880 lupanari,
924 1790 1018 1873 cujus
1040 1798 1150 1872 guttur
1175 1792 1260 1854 ensis
1284 1791 1381 1856 caedit

243 1898 331 1963 cella
354 1894 458 1977 fulget
479 1904 515 1961 ut
538 1896 637 1961 solari
923 1894 1082 1976 mortique
1105 1894 1173 1958 vita
1195 1895 1358 1975 succedit,
1506 1898 1549 1961 to

169 1978 172 2117 ι
285 1999 465 2085 splendore
488 2000 568 2065 lucis
591 2008 721 2084 operta,
925 2015 1003 2062 ecce
1025 1997 1120 2079 vidit,
1146 1996 1231 2079 quod
1255 2000 1393 2081 cupivit,

169 2120 171 2241 p
242 2108 283 2168 ab
309 2102 429 2184 angelo
453 2102 616 2165 consolari
967 2120 1028 2184 per
1051 2104 1161 2185 sponsi
1183 2102 1393 2167 clementiam.

169 2244 170 2289 3
241 2207 362 2271 meruit
384 2214 481 2287 atque
504 2205 608 2269 veleri
830 2207 870 2267 25

169 2320 170 2373 l
288 2307 428 2391 cyclade
447 2324 528 2371 auro
551 2304 711 2372 contexit,
924 2289 1015 2374 Ergo
1038 2300 1208 2375 postquam
1232 2293 1280 2357 aio
1302 2292 1487 2377 triumphat,

169 2394 170 2485 ᾗ
924 2394 1020 2474 virgo
1044 2402 1168 2476 martyr
1190 2394 1338 2475 gaudens
1359 2396 1460 2459 intrat

169 2486 171 2543 ³
242 2500 316 2567 Illic
337 2500 434 2581 virgo
457 2520 497 2563 ne
522 2506 687 2581 tangatur,
968 2496 1018 2558 sui
1039 2496 1152 2577 sponsi
1173 2495 1363 2577 thalamum,
1507 2500 1549 2560 15

243 2602 425 2687 impudicus
448 2603 638 2682 suffocatur,
927 2600 1014 2683 apud
1037 2619 1131 2681 quem
1153 2619 1238 2663 nuuc
1260 2600 1456 2681 intercedat,

243 2724 306 2789 pro
331 2724 394 2787 quo
417 2701 534 2787 Agnes
558 2702 631 2767 dum
654 2712 819 2787 precatur,
926 2712 962 2767 ut
985 2703 1078 2765 nobis
1100 2702 1175 2766 coeli
1197 2700 1357 2766 concedat

289 2809 457 2873 reviviscit
470 2808 603 2891 juvenis
610 2829 620 2889 3
832 2806 873 2868 30
970 2808 1093 2871 intrare
1115 2807 1278 2890 palatium.

336 2992 569 3064 Antiphonnrium
597 3007 654 3048 von
682 2992 840 3047 Reichenau
862 3008 901 3054 ,nu
930 2991 1088 3047 Karlsrohe
1119 2992 1172 3048 No.
1195 2994 1257 3048 309.
1287 2992 1329 3048 Bl
1359 2995 1382 3047 7.
1410 3008 1461 3048 aua
1488 2993 1550 3048 dem

252 3087 286 3137 ll
303 3083 403 3139 Jahrh.
424 3081 479 3151 (ll)
497 3081 547 3134 mit
565 3079 615 3134 der
632 3079 761 3135 llelodie.
798 3080 846 3134 lls.
864 3097 919 3135 von
941 3079 971 3136 S.
990 3081 1075 3135 Peter
1093 3099 1127 3134 zu
1147 3080 1301 3135 llarlsruhe
1320 3082 1372 3135 Nn.
1391 3084 1433 3134 16.
1452 3097 1479 3150 p.
1491 3083 1552 3134 296.

247 3171 298 3224 mit
316 3170 367 3225 der
384 3168 521 3236 hlelodie,
549 3171 583 3223 ld
599 3169 700 3223 lahrh.
725 3170 789 3237 (Α).
826 3169 875 3223 lla.
893 3185 927 3222 nu
946 3169 1151 3240 Kreunlingen,
1184 3172 1219 3223 tt
1236 3170 1334 3224 Jahrh.
1358 3170 1420 3239 (G).
1455 3171 1553 3224 Daniel

245 3263 272 3327 2,
289 3261 344 3312 ast
361 3258 424 3331 (D).
460 3257 528 3312 lliue
546 3256 666 3312 Wiener
685 3258 731 3312 lls.
752 3257 930 3312 verzeiehnet
948 3259 1030 3312 Derris
1047 3258 1126 3312 codd.
1146 3257 1232 3313 theol
1251 3256 1332 3311 vind.
1351 3258 1381 3328 ll,
1401 3261 1425 3323 1,
1444 3273 1470 3327 p.
1490 3256 1549 3310 837.

337 3383 354 3432 2
373 3376 465 3434 forma
483 3379 513 3434 C.
550 3382 589 3432 11.
611 3382 642 3432 12
662 3379 759 3434 rteheu
778 3379 805 3432 in
821 3379 842 3434 0
861 3395 896 3432 an
916 3381 941 3434 8.
954 3381 987 3446 9.,
1007 3380 1112 3434 ehenso
1133 3381 1165 3433 18
1184 3396 1219 3433 an
1236 3382 1269 3433 ll
1288 3379 1343 3432 und
1357 3379 1450 3433 dieser
1463 3381 1549 3433 ante.

248 3470 283 3522 ll
301 3467 393 3522 mund.
408 3483 449 3536 sp,
463 3466 494 3520 Ι),
519 3468 553 3520 16
572 3465 696 3522 emollita
712 3466 767 3520 DA.
800 3469 832 3520 21
854 3483 925 3520 nunc
943 3467 1041 3520 induta
1059 3467 1089 3522 G.
1115 3469 1150 3521 23
1169 3465 1252 3536 copia
1270 3467 1327 3535 DA,
1346 3473 1483 3537 cooperta
1498 3467 1550 3523 Cli.

246 3558 283 3609 24
301 3552 460 3609 confortari
479 3553 510 3608 D.
537 3555 570 3608 31
588 3569 669 3623 quam
684 3553 712 3608 C.
738 3555 772 3607 33
791 3555 889 3624 Agneu
907 3569 1037 3624 magnam
1056 3555 1084 3610 C.
1107 3557 1142 3608 37
1161 3555 1219 3608 oris
1238 3554 1295 3608 lid.
1318 3556 1353 3608 38
1372 3570 1501 3624 quaerens
1521 3555 1552 3621 C,

247 3642 408 3714 pudentiam
427 3643 458 3696 R.
496 3644 529 3695 ta
549 3641 594 3695 dei
611 3643 644 3710 A,
663 3643 842 3712 praesentiam
859 3644 892 3696 l).
928 3645 962 3696 ld
981 3659 1054 3714 ergo
1072 3643 1200 3700 Christus
1220 3643 1283 3696 dum
1302 3643 1454 3712 triumphat
1472 3643 1502 3697 0.

335 3763 369 3818 V.
389 3767 414 3818 a.
441 3765 479 3819 lm
502 3765 622 3835 vorigon
642 3765 724 3820 Linde
747 3763 823 3818 wird
847 3764 888 3818 sia
914 3763 962 3819 mit
986 3763 1035 3818 der
1057 3764 1146 3832 Rose,
1178 3765 1239 3818 hier
1261 3764 1312 3818 mit
1329 3765 1380 3819 der
1398 3763 1468 3817 Lilie
1487 3779 1551 3816 ver-

248 3853 377 3924 gliehen;
407 3851 466 3906 dies
485 3852 633 3922 geschieht
657 3853 728 3906 auch
751 3847 848 3923 hivfig
871 3850 989 3905 beiden
1008 3851 1152 3906 Griechen.
1189 3850 1238 3904 llie
1258 3851 1283 3904 h.
1303 3850 1445 3906 christina
1463 3849 1553 3905 heisst

248 3948 339 4014 κρῖνον
357 3943 402 3994 καὶ
421 3936 558 4008 ἡδύπνοον
574 3938 664 4013 ῥόδον.
691 3939 747 3994 dul
765 3941 807 3993 2¹4.

337 4026 370 4079 V.
389 4029 432 4081 36.
460 4028 532 4082 lana
560 4028 610 4081 llie
630 4027 793 4098 Beziehuug
811 4025 865 4080 nul
878 4027 971 4080 Lamm
990 4028 1044 4081 und
1063 4027 1163 4082 Wolle
1183 4027 1238 4081 und
1258 4026 1302 4080 die
1321 4027 1404 4080 Form
1423 4041 1498 4098 agna
1516 4027 1553 4080 im

249 4113 323 4168 'litel
341 4113 404 4168 sind
422 4113 588 4168 lateinische
607 4113 787 4186 Auslegung,
816 4113 950 4168 woriber'·
968 4115 1103 4184 depastio.
1124 4130 1204 4168 serm.
1223 4116 1285 4183 273,
1303 4115 1327 4168 6.
1347 4119 1427 4184 sagt:
1455 4115 1552 4184 Agnes

249 4200 336 4256 latine
358 4217 454 4271 equom
473 4197 627 4272 significat,
648 4217 742 4272 graece
760 4205 872 4266 costum
904 4206 983 4268 erat,
1003 4202 1078 4272 quod
1098 4201 1262 4256 vocabatur.

693 4555 778 4630 774.
814 4557 873 4628 Ile
900 4581 928 4627 s.
955 4550 1112 4656 Agncte.

250 4789 404 4854 Exultent
427 4788 518 4873 Syon
541 4791 618 4856 filiae
930 4791 1009 4856 Cum
1033 4792 1083 4854 his
1107 4799 1209 4856 coetus
1232 4793 1370 4874 angelici

292 4895 324 4958 in
348 4893 449 4958 choro
474 4894 581 4958 cordis
605 4912 749 4978 organo,
973 4895 1127 4958 assistant
1150 4894 1225 4976 agni
1248 4897 1367 4978 nuptiis

249 5015 380 5081 sponsae
402 4998 491 5080 regis
514 4998 635 5062 laetitiae
929 5006 961 5062 et
984 4997 1202 5082 paranymphi
1225 4999 1329 5063 coelici

291 5101 508 5185 praecinentes
531 5119 601 5166 cum
622 5110 787 5185 tympano.
972 5101 1130 5185 plaudant
1152 5103 1375 5184 epithalamiis.

1264 5204 1326 5271 12*
