3892 6025
761 1027 849 1101 838.
887 1026 946 1097 De
972 1050 1000 1096 s.
1026 1023 1231 1097 Benedictus.

505 1180 649 1316 Cliriste,
672 1231 719 1296 fili
740 1231 822 1297 Jesu
845 1231 972 1312 summi,
998 1237 1120 1295 mentes
1144 1237 1272 1295 nostras
1293 1229 1407 1313 visita,

507 1338 683 1435 epaequrlis
705 1336 791 1420 putri
813 1343 912 1418 etque
934 1342 1012 1400 nuto
1035 1334 1119 1400 alme
1142 1334 1289 1418 spiritus,

508 1442 711 1523 suavinus,
733 1440 842 1504 lumen
864 1457 977 1518 unum,
1001 1439 1083 1504 deus
1104 1455 1226 1522 perpes
1248 1458 1290 1502 ex
1313 1433 1385 1503 dee}

506 1608 606 1694 Auge
627 1609 725 1675 fidem
747 1626 862 1695 puram
885 1611 1005 1675 uostris
1028 1628 1157 1692 semper
1176 1589 1318 1675 elernens
1341 1609 1502 1692 sensibus,

507 1733 572 1797 quo
594 1715 681 1779 beati
702 1711 872 1778 Benedicti
894 1711 1037 1778 eolannus
1060 1712 1244 1794 sollemnia,

508 1824 544 1883 ut
566 1818 746 1902 exemplum
769 1817 814 1902 pii
836 1816 1002 1900 patrisne
1025 1814 1110 1880 desit
1134 1814 1319 1899 discipulis3

509 1988 609 2068 Quem
632 1988 760 2053 donasti
783 1995 855 2069 tuo,
878 1985 1025 2070 Christe,
1048 1987 1172 2052 eoelesti
1196 2005 1267 2051 curn
1289 2005 1438 2068 munere,

507 2101 544 2158 ut
564 2092 720 2181 honorem
742 2089 851 2156 mnndi
874 2107 1001 2156 ornnem
1023 2099 1129 2156 mente
1152 2088 1405 2174 floeuipenderet

508 2204 606 2279 teque
628 2195 732 2260 solum
754 2194 876 2259 sontem
901 2195 980 2259 vitre
1003 2193 1156 2277 diligeret
1177 2194 1331 2279 perpetis,

507 2364 605 2432 Alme
628 2365 750 2431 Christi
771 2366 959 2450 sempiterni
980 2365 1157 2432 Benediste
1181 2366 1364 2448 eeulessor,
1612 2365 1653 2430 10

507 2491 579 2537 eum
602 2471 721 2537 esteris
744 2470 798 2535 dei
819 2472 940 2536 sanetis
962 2489 1048 2538 uune
1070 2489 1132 2555 pro
1146 2471 1247 2573 ¹nelis
1270 2468 1420 2555 supplies

510 2573 658 2656 Christo,
681 2593 745 2658 quo
768 2573 921 2658 dignetur
942 2593 1017 2640 esse
1039 2575 1185 2659 pereatis
1207 2575 1376 2660 propitius.

508 2742 603 2811 Doxa
625 2745 688 2810 deo
711 2735 798 2831 putri
819 2746 934 2810 trinum
958 2747 1000 2811 sit
1021 2747 1149 2830 regenti
1171 2713 1359 2812 machinam*

509 2849 645 2933 ejusque
668 2849 754 2933 proli
776 2849 848 2914 laus
869 2868 991 2934 perpes
1013 2869 1075 2916 nee
1097 2867 1162 2915 nou
1185 2861 1298 2914 saneto
1320 2851 1503 2933 pneumati,

509 2953 601 3019 trinis
624 2953 739 3035 quibus
762 2951 795 3017 in
817 2951 966 3039 personis
989 2961 1108 3038 regunt
1129 2974 1192 3020 uns
1215 2951 1328 3018 deitas.
1613 2955 1654 3017 15

441 3114 489 3169 lls
507 3131 543 3170 sn
559 3114 718 3187 Stuttgsrt,
736 3115 863 3171 Brevinr.
883 3114 938 3171 Ne.
956 3115 999 3171 98.
1019 3118 1052 3169 11
1071 3096 1168 3171 Jahrlu
1191 3116 1242 3171 nuit
1259 3116 1398 3185 Nsuuren,
1421 3130 1473 3171 sss
1491 3113 1654 3174 Zwiiulten.

351 3200 401 3257 lls.
418 3218 454 3257 su
470 3201 616 3270 llinelren,
635 3201 705 3281 clun.
724 3202 819 3257 19824.
837 3202 886 3257 des
905 3203 940 3256 15
956 3201 1056 3257 Jnlrrlr.
1076 3202 1140 3271 (Β).
1175 3202 1273 3258 Dieses
1291 3204 1346 3259 und
1365 3204 1416 3259 des
1434 3201 1568 3277 fulgendo
1586 3204 1654 3260 lied

350 3289 416 3347 sind
436 3305 489 3345 uus
506 3289 556 3345 der
573 3294 668 3344 ersten
687 3286 783 3345 uulso
801 3289 852 3346 des
869 3288 1063 3361 mittelalters,
1082 3291 1318 3347 wnlruselreiulieln
1336 3309 1387 3349 uus
1406 3294 1468 3349 dem
1485 3295 1503 3348 6
1520 3292 1617 3348 Jahrb.

440 3415 459 3467 l
476 3418 602 3485 tempure
619 3408 640 3467 1
657 3411 777 3485 cliriste,
795 3411 826 3467 B.

613 3695 701 3770 839.
739 3696 798 3768 lle
821 3722 849 3768 s.
876 3692 1082 3770 Benedieto.
1120 3696 1166 3769 sd
1192 3708 1393 3773 nocturnos.

353 3918 479 4002 Magno
501 3924 655 3984 senentes
677 3936 784 3984 annua
1029 3918 1231 4003 resplenduit
1255 3918 1428 4005 prodigiis,

353 4040 440 4088 nune
460 4018 638 4087 Benedieto
660 4022 788 4086 centies
1029 4028 1168 4087 uentura
1189 4021 1289 4087 sretlu
1310 4020 1503 4106 praeeinens.

256 4124 261 4131 ’
351 4128 497 4193 fruamur
517 4122 615 4210 hujus
637 4115 769 4209 inclytus
1411 4129 1415 4137 '
1464 4108 1467 4115 ⁴

350 4228 538 4295 restrudus
560 4227 697 4311 gaurus.
1029 4208 1103 4275 Non
1126 4216 1201 4289 ante
1223 4210 1330 4277 seclis
1350 4212 1515 4295 seruitum

1030 4322 1128 4379 noetu
1141 4313 1241 4398 jubar
1262 4314 1445 4400 effulserat,

352 4420 416 4499 Qui
437 4419 527 4485 fulsit
545 4425 580 4483 ut
601 4415 691 4481 sidus
712 4435 832 4483 novum
956 4420 978 4484 5
1031 4434 1094 4499 qno
1117 4423 1204 4482 tutus
1227 4419 1315 4485 orbis
1337 4420 1481 4485 cernitur
1613 4421 1652 4481 15

350 4522 513 4593 mundana
535 4522 662 4606 pellens
684 4522 802 4605 nubile,
1030 4526 1065 4583 et
1086 4518 1160 4585 lrree
1181 4528 1269 4585 terra
1292 4520 1497 4606 conspiritnr.

352 4627 461 4697 matis
481 4627 554 4711 ipsu
576 4625 685 4692 limine

352 4728 507 4814 amit
527 4729 593 4795 „vi
613 4727 740 4796 florida,
1030 4707 1083 4779 Sit
1104 4711 1238 4778 trinitati
1260 4712 1380 4796 glutis,

1030 4819 1073 4884 sit
1095 4836 1215 4901 perpes
1238 4824 1272 4883 et
1294 4816 1487 4899 sublimitas,

351 4916 583 4983 llliraeulorum
604 4925 792 5002 prepotens
1030 4938 1104 5003 quae
1126 4927 1191 4985 taur
1213 4919 1377 4989 lucernum
1397 4918 1552 5006 lulgidsnr

349 5028 492 5089 uttnetus
514 5023 600 5089 ulmo
621 5022 750 5087 flamine
936 5023 976 5086 10
1029 5023 1164 5090 donavit
1185 5032 1295 5091 nostro
1319 5026 1451 5093 saeeulo.
1610 5024 1653 5086 20
