3892 6025
1489 639 1557 705 448

249 818 315 878 fidis
334 821 501 879 testimoniis
519 819 714 888 celebremur,
727 819 914 891 nonnose,
932 830 996 891 qne
1014 822 1155 892 m
1171 820 1325 893 smus
1336 821 1460 893 umori,
1476 828 1556 880 mes

250 908 373 967 debunt
390 908 497 965 meritis
520 908 641 965 omnium
659 905 742 963 simul
759 906 887 963 used&

340 996 447 1052 Sancte
465 1011 536 1050 vero
555 993 734 1053 coloniensis
753 991 873 1048 ecclesis
890 1008 942 1063 per
960 989 1101 1065 sullrsgie
1118 998 1280 1049 motorum
1297 998 1467 1066 mamyrnm,
1485 1011 1555 1067 quo-

248 1100 312 1141 rum
330 1098 456 1154 corporo
473 1082 502 1137 in
520 1099 573 1137 suo
591 1081 700 1155 gremio
718 1080 820 1135 meruit
836 1076 961 1135 fovendo
980 1080 1141 1151 suscipere,
1166 1097 1222 1137 non
1246 1079 1348 1136 desinit
1367 1098 1453 1153 nsque
1471 1082 1555 1138 lundis

247 1168 333 1227 fidem
356 1170 522 1226 inviolatum
549 1168 697 1237 excolere,
729 1180 812 1239 quero
835 1181 854 1221 e
881 1166 1012 1223 llsteno
1036 1167 1128 1237 primo
1152 1184 1205 1223 suo
1229 1168 1364 1239 episcopo
1381 1186 1414 1225 ss
1434 1168 1556 1226 meminit

249 1258 419 1329 suscepisse.
438 1255 513 1328 epud
527 1270 609 1328 quem
623 1254 798 1311 consuetudo
811 1252 932 1309 celebris
946 1252 1075 1322 inolevit,
1088 1259 1121 1309 nt
1132 1253 1234 1310 bestos
1242 1260 1385 1327 martyres
1393 1255 1556 1327 Gereonem,

248 1346 412 1413 Victorem,
436 1342 565 1400 Gessium
583 1346 613 1399 el
629 1342 803 1405 Florentium
827 1356 979 1412 eorumque
1002 1341 1114 1412 socios,
1144 1342 1220 1399 trino
1234 1344 1376 1414 msrtyrio
1392 1349 1556 1412 comestos,

154 1462 155 1475 κ
249 1433 338 1489 ternis
356 1433 428 1489 locis
445 1431 649 1489 venerabiliter
666 1430 804 1499 conditos,
822 1445 879 1485 uns
896 1424 951 1498 die,
969 1429 1000 1485 id
1011 1418 1150 1487 estserto
1163 1430 1226 1487 idus
1238 1432 1382 1499 Octobris,
1399 1430 1555 1490 festivitate

249 1534 379 1591 congrus
402 1522 567 1586 veneretur,
601 1532 662 1573 eum
687 1521 781 1573 temen
808 1516 920 1573 dubium
943 1516 998 1587 sit,
1022 1522 1113 1572 utrum
1136 1533 1194 1574 uno
1211 1518 1257 1573 die
1275 1535 1311 1574 en
1330 1506 1439 1592 dpobus
1452 1528 1555 1574 'eornm

250 1607 419 1679 martyrium
445 1604 645 1676 conpleretur,
678 1604 743 1675 quis
761 1604 888 1672 Uerona,
919 1618 1041 1659 summus
1060 1604 1208 1661 memorati
1229 1605 1361 1675 martyrii
1377 1606 1472 1674 locns,
1498 1620 1556 1659 non

248 1693 341 1749 minus
359 1692 461 1765 viginti
478 1708 529 1746 sex
547 1690 658 1747 milibus
676 1691 713 1746 ob
731 1688 942 1762 elegentissime
961 1706 983 1745 s.
998 1690 1125 1747 Victoris
1142 1690 1263 1747 busilice
1280 1692 1389 1746 distans
1402 1692 1487 1747 sliter
1499 1693 1555 1747 hoc

249 1795 307 1835 nne
333 1779 379 1834 dis
406 1778 462 1835 nisi
485 1794 536 1850 per
563 1774 695 1835 latinum
720 1776 797 1831 nimii
823 1774 930 1834 luroris
957 1778 1091 1849 impetum
1114 1775 1178 1833 lieri
1196 1794 1281 1851 posse
1299 1779 1417 1835 muime
1434 1784 1555 1851 propter

250 1878 349 1920 moras
368 1864 396 1919 in
414 1863 486 1921 locis
503 1864 623 1937 singulis
641 1862 818 1920 necessarias
837 1862 952 1919 credere
971 1868 1059 1920 vetet

338 1950 431 2023 llnjus
450 1950 545 2023 itaque
563 1951 618 2007 diei
636 1950 740 2023 pendis
758 1946 864 2006 iratres
882 1950 925 2006 ite
942 1950 1117 2007 celebremus
1135 1968 1237 2022 nnus,
1256 1957 1289 2009 ut
1304 1948 1375 2008 liant
1391 1952 1473 2009 nobis
1491 1951 1555 2010 illo-

248 2054 311 2093 rom
329 2037 530 2095 intercessione
548 2037 688 2095 continue
711 2042 766 2097 etc.
1078 2072 1081 2077 ,
1129 2079 1132 2084 ,

337 2178 374 2234 Es
394 2177 463 2249 [01φὶ
484 2194 539 2234 orm
557 2178 606 2233 der
628 2176 829 2248 mrspeordeltets
845 2177 948 2233 Sollues
965 2178 1014 2231 der
1029 2176 1146 2247 Prediyl,
1177 2180 1264 2233 morire
1280 2177 1353 2249 ollqe
1370 2178 1488 2249 Μαι
1503 2192 1555 2248 ps·

250 2264 330 2321 troni
348 2264 441 2320 nostri
462 2270 579 2335 pesonet
599 2266 712 2321 werdere
750 2266 832 2319 lleler
856 2266 898 2320 die
916 2264 1190 2335 Ciriceeoerfolpenp
1212 2265 1259 2319 dee
1274 2264 1420 2322 mem
1435 2266 1511 2321 lelrrt
1527 2279 1555 2321 eo

248 2359 278 2409 io
296 2354 431 2409 meriton
448 2352 567 2424 Predr'pt:
597 2354 658 2409 lec
676 2352 837 2424 persecutio
856 2368 873 2409 s
891 2352 1004 2409 Nerone
1022 2353 1145 2425 decimu,
1164 2353 1267 2410 ceteris
1283 2353 1430 2410 immutor
1447 2356 1479 2409 et
1493 2351 1554 2407 diu·

250 2440 363 2495 turnior
388 2437 475 2497 fuisse
498 2439 677 2511 perhibetur,
704 2440 745 2495 its
768 2444 800 2495 ut
818 2455 906 2513 uque
925 2437 961 2493 ed
980 2439 1077 2495 decom
1093 2455 1184 2495 ennon
1204 2440 1234 2494 in
1257 2441 1370 2511 incepto
1388 2439 1556 2495 crudelitate

251 2542 418 2598 permensos
441 2526 645 2583 extenderetur.
682 2540 764 2596 quem
785 2542 850 2582 mox
874 2526 1026 2582 subsecuta
1043 2532 1088 2582 est
1104 2526 1187 2582 ruina
1204 2527 1352 2582 vehemens
1371 2531 1400 2581 et
1416 2531 1555 2597 perpetus

252 2613 407 2671 destructio
433 2612 587 2683 idolorum,
619 2628 680 2669 oum
707 2628 759 2683 per
786 2616 876 2668 totum
903 2613 1000 2670 orbem
1024 2628 1081 2684 per
1105 2612 1234 2668 ecclesiis
1252 2613 1298 2668 dei
1315 2612 1442 2682 reddite,
1474 2613 1554 2683 ipsos

155 2712 156 2731 ³
252 2700 351 2769 etism,
383 2716 454 2770 quos
472 2698 573 2755 dudum
591 2698 718 2755 inimicos
738 2699 910 2770 asperrimos
928 2700 1058 2771 pertulit,
1080 2701 1157 2773 jugo
1175 2696 1241 2755 fidei
1258 2701 1407 2757 catholicoe
1425 2699 1556 2756 subdidit

253 2819 285 2830 -
312 2787 400 2860 Cujus
423 2786 465 2843 rei
487 2786 580 2857 siquid
603 2790 670 2859 post
688 2788 761 2842 hanc
779 2786 1004 2844 christianornm
1021 2778 1247 2859 persecutionem
1263 2788 1450 2859 exemplatum
1466 2785 1555 2843 luerit

251 2874 281 2929 in
299 2874 421 2946 antiquis
439 2874 622 2929 ecclesiarum
640 2870 775 2945 eedifioiis,
793 2874 868 2945 epnd
885 2890 937 2929 nos
956 2890 1073 2930 cernere
1091 2876 1167 2931 lieet
1267 2892 1275 2913 ⁶

289 3013 355 3157 ὼε
379 2994 520 3084 issimi,
548 3013 596 3070 ns.
652 3009 770 3073 ’teste
824 3015 917 3071 ⁸v0s
940 3029 1028 3071 nens
1045 3014 1127 3072 sor
1143 3013 1301 3089 neeesse.
1355 3008 1405 3070 4ἰ
1422 3011 1555 3068 naues.

253 3105 270 3156 5
330 3099 453 3156 ‚sentis

398 3457 507 3531 1079.
545 3455 588 3526 ln
615 3479 644 3526 s.
669 3455 787 3528 Mauri
814 3453 952 3528 ebhetis
980 3453 1025 3524 sd
1051 3479 1226 3554 vesperos
1257 3454 1418 3556 hymnus

154 3725 155 3754 ³
253 3712 470 3798 Splendorem
493 3713 572 3778 novi
612 3713 712 3777 ideris

252 3817 403 3884 Maurum
425 3821 460 3879 nt
480 3832 541 3878 vus
558 3813 695 3900 justitire

252 3922 337 3986 misit
360 3919 503 3984 denses
525 3920 653 4003 superis

251 4027 285 4092 in
308 4024 393 4090 lieno
414 4024 533 4090 vellem
554 4023 703 4088 miseriae.

253 4215 315 4295 Qui
337 4216 467 4282 calcans
490 4215 607 4280 lustum
629 4215 760 4299 generis
855 4216 874 4276 5

154 4365 156 4392 ,
253 4327 430 4403 spretaque
452 4317 556 4402 petris
580 4318 669 4382 curie

252 4419 290 4484 lit
313 4419 422 4503 proles
445 4419 510 4483 divi
533 4418 700 4500 germinis,

251 4522 404 4587 mundum
429 4529 556 4586 terrens
576 4520 727 4586 ethered.

252 4710 334 4778 Gom
357 4711 424 4778 edit
446 4713 690 4794 monasterinm,

252 4817 335 4896 vite,
360 4814 507 4880 doctrine
529 4813 709 4898 splenduit,
835 4817 874 4880 10

252 4917 379 4982 lenens
402 4919 553 4984 virtutum
576 4918 675 4983 lilium

253 5027 328 5084 eotn
351 5027 499 5104 statuque
523 5019 665 5094 floruit·

928 3709 991 3776 llic
1011 3728 1101 3776 nova
1122 3712 1195 3776 lnce
1217 3711 1328 3776 rutilet

929 3817 990 3880 sub
1012 3813 1181 3882 Benedicti
1201 3815 1332 3898 regule,

930 3916 1051 3984 Christi
1072 3919 1210 3985 virtutes
1232 3921 1351 3986 similet
1512 3922 1552 3984 td

929 4029 965 4088 ut
986 4043 1068 4088 vore
1089 4024 1163 4089 coeli
1183 4023 1338 4108 plantula.

928 4209 965 4278 ln
989 4211 1052 4278 hec
1073 4213 1142 4278 vite
1163 4214 1342 4278 monastico

929 4315 1011 4382 flore
1032 4316 1129 4382 llorct
1149 4317 1331 4413 mundities,

929 4420 1023 4505 cnjus
1044 4439 1134 4486 mens
1160 4421 1196 4486 lit
1220 4420 1337 4486 deifico

928 4531 1043 4590 saneto
1065 4523 1176 4589 virore
1199 4525 1325 4607 gratioe.
1510 4524 1552 4586 20

928 4709 1088 4795 Aequalis
1111 4686 1204 4795 spina
1225 4712 1362 4795 stimuli,

929 4833 994 4897 qno
1016 4824 1146 4881 senotns
1169 4815 1303 4882 Maurus
1326 4818 1500 4903 pungitur,

928 4919 1017 5002 sugit
1038 4939 1081 4984 ex
1102 4919 1193 5004 tonte
1215 4921 1328 5002 rivuli,

819 5086 822 5092 .
931 5041 996 5106 quo
1018 5024 1124 5090 cernis
1148 5043 1239 5090 umor
1260 5025 1384 5090 teritur.
