3892 6025
390 651 457 719 480

390 836 435 905 Ut
457 854 598 903 amemus
622 854 751 920 semper
773 832 935 899 Christum
1067 829 1173 915 Ergo,
1196 839 1308 914 pater,
1331 832 1373 897 de
1394 832 1557 917 profundo

390 950 425 1007 et
447 958 636 1027 spernamus
659 938 811 1004 mundum
832 937 926 1001 istum
1067 935 1176 999 cordis
1197 954 1259 1001 nec
1281 953 1347 1000 non
1369 954 1427 1001 ore
1449 936 1568 1001 mundo

434 1062 506 1109 cum
528 1042 595 1107 suis
617 1039 798 1121 blanditiis,
974 1039 1014 1101 15
1110 1045 1144 1102 te
1165 1054 1319 1120 rogamus
1340 1038 1467 1121 intime,

390 1146 481 1211 virus
503 1144 610 1211 carnis
633 1152 837 1209 conteramus
1066 1148 1102 1206 ut
1123 1149 1155 1205 te
1172 1142 1265 1206 nobis
1287 1150 1508 1227 protectorem

391 1257 601 1330 satanamque
624 1254 869 1331 prosternamus
1066 1245 1217 1327 praebeas
1240 1251 1275 1308 et
1296 1244 1520 1327 defensorem,
1573 1302 1578 1311 .

434 1370 506 1418 cum
528 1350 593 1415 suis
616 1350 762 1416 fallaciis.
1110 1352 1235 1428 martyr
1253 1346 1475 1413 invictissime.

389 1540 471 1605 Dele
494 1538 637 1622 culpam,
661 1537 702 1601 da
725 1536 891 1617 virtutem,
1018 1615 1025 1624 ,
1066 1536 1246 1621 Impetrare
1268 1540 1363 1603 nobis
1385 1540 1484 1621 velis,

389 1643 477 1727 pelle
498 1644 663 1722 morbum,
688 1638 730 1703 da
754 1637 904 1717 salutem,
971 1637 1013 1700 20
1066 1659 1107 1704 nc
1129 1658 1189 1704 nos
1211 1649 1304 1706 satan
1327 1642 1394 1706 suis
1416 1642 1490 1706 telis

434 1763 556 1829 pravos
579 1762 686 1809 mores
710 1742 858 1823 corrigc;
1071 1808 1075 1813 ,
1109 1742 1279 1826 perforare
1302 1744 1430 1829 valeat,

389 1847 466 1913 leva
487 1847 614 1930 lapsos,
637 1854 713 1911 tene
735 1851 857 1910 stantes
1066 1846 1126 1911 sed
1148 1848 1175 1911 si
1199 1856 1302 1914 tentet
1324 1849 1368 1915 ad
1389 1848 1556 1931 delictum,

390 1957 425 2016 et
447 1950 596 2039 conforta
619 1948 810 2014 vacillantes
1066 1966 1126 2013 nos
1149 1950 1294 2014 victores
1315 1958 1350 2015 et
1372 1969 1409 2014 se
1431 1951 1550 2017 victum

434 2060 645 2135 errantesque
668 2052 784 2136 dirige.
1108 2052 1142 2115 in
1164 2060 1321 2118 eternum
1344 2052 1463 2119 doleat.

389 2240 590 2309 Praedicator
611 2238 778 2319 veritatis,
971 2238 1013 2299 25
1065 2240 1130 2306 l’ro
1154 2241 1266 2307 amicis
1288 2242 1410 2307 noscis
1431 2242 1556 2309 cunctis

390 2345 446 2427 qui
468 2342 620 2407 doctores
643 2340 794 2405 falsitatis
1066 2341 1173 2409 adhuc
1194 2344 1280 2408 vivis
1304 2352 1337 2409 ct
1360 2344 1520 2411 defunctis

434 2446 630 2511 convincens
653 2444 824 2509 haereticos
1108 2465 1262 2529 rogamus
1284 2447 1490 2533 suppliciter,

389 2555 475 2619 viam
499 2553 576 2617 vitae
599 2544 737 2616 docuisti
1066 2556 1102 2614 ut
1122 2550 1272 2615 viventes
1295 2550 1452 2616 custodiri

389 2667 424 2722 et
444 2658 477 2722 iu
500 2654 566 2721 fide
587 2654 670 2722 Jesu
693 2653 814 2718 Christi
1065 2662 1100 2718 et
1121 2654 1291 2721 defunctos
1312 2674 1378 2722 non
1399 2658 1505 2741 puniri

432 2758 579 2823 formasti
602 2756 791 2823 catholicos.
969 2754 1012 2819 30
1108 2775 1266 2842 procures
1290 2764 1485 2845 perenniter.

387 2949 529 3035 Propter
550 2946 639 3034 quod
658 2968 719 3034 per
741 2945 1005 3016 diram‘mortem
1065 2943 1218 3011 Ordinem
1239 2949 1490 3032 predicatorum

388 3051 537 3120 Christus
558 3054 637 3120 iecit
660 3061 692 3119 tc
715 3059 897 3118 consortem
1065 3051 1106 3116 ab
1127 3051 1161 3114 in
1183 3069 1279 3116 cursu
1301 3053 1516 3136 malignorum

432 3175 647 3242 supernorum
669 3157 787 3222 civium
1109 3152 1292 3220 daemonum
1314 3166 1347 3221 et
1371 3155 1532 3223 homiuum

389 3265 424 3323 et
444 3258 478 3322 in
499 3275 604 3340 regno
627 3256 784 3323 claritatis
1065 3255 1120 3323 hic
1141 3264 1234 3326 tuere
1256 3266 1291 3323 et
1312 3260 1450 3325 emenda

388 3361 447 3428 tibi
469 3359 560 3425 dedit
581 3379 655 3426 cum
677 3363 782 3428 beatis
969 3361 1013 3424 dd
1065 3365 1183 3424 statum
1205 3362 1279 3446 cjm
1301 3371 1336 3427 et
1359 3363 1551 3430 commenda
1784 3436 1785 3465 ¹

433 3461 667 3547 sempiternum
685 3461 846 3545 gaudium.
1110 3481 1239 3548 semper
1260 3465 1350 3550 apud
1371 3465 1541 3532 dominum.
1646 3469 1690 3532 60

476 3647 524 3702 llo.
544 3643 667 3701 ehemsls
686 3661 720 3699 su
737 3645 898 3700 Amorbaoh
918 3659 976 3700 von
994 3645 1072 3699 illd.

475 3786 493 3840 o
511 3785 598 3842 met.
618 3781 665 3841 tur
684 3786 818 3857 Aegypti.
835 3784 890 3840 No.
899 3785 942 3840 30.
954 3786 998 3839 31.
1013 3783 1068 3841 No.
1077 3784 1186 3854 61³,10.
1205 3788 1240 3840 lt
1253 3802 1424 3859 spernemus,
1442 3787 1490 3843 lis.
1524 3787 1560 3843 38
1574 3788 1628 3858 ori,
1641 3787 1691 3844 lis.

703 4068 813 4143 1125.
851 4068 897 4141 ln
922 4067 1013 4142 lesio
1037 4094 1065 4142 s.
1093 4069 1195 4144 Petri
1220 4078 1392 4178 martyris.

399 4275 442 4342 od
465 4291 613 4358 remoror
635 4273 889 4442 mppoepsolmos
910 4277 995 4342 ood-
1213 4339 1226 4357 ,
1255 4309 1500 4390 ,mmm-m

639 4394 661 4459 p

387 4510 576 4579 Oollaeotur
600 4518 695 4582 tuba
717 4479 859 4582 odedum

386 4617 611 4701 triumphantis
635 4619 768 4684 athletae
790 4621 926 4704 gaudio,

385 4720 440 4802 qui
463 4736 663 4786 conservans
685 4723 818 4807 pudoris
839 4725 940 4792 lilium

385 4828 421 4887 et
443 4840 620 4890 coruscans
643 4825 801 4892 doctrinae
823 4827 917 4893 radio

1062 4465 1146 4532 Dum
1168 4463 1358 4550 Sampsonis
1380 4466 1498 4552 vulpes
1521 4468 1648 4551 quaerit,

1106 4572 1148 4634 ab
1170 4569 1286 4650 iniquis
1308 4569 1443 4654 emitur,

1063 4677 1161 4756 caput
1180 4690 1308 4738 sacrum
1330 4671 1427 4740 lictor
1448 4672 1539 4756 ierit,

1101 4775 1184 4860 justi
1205 4776 1338 4857 sanguis
1360 4774 1522 4858 funditur,
1647 4776 1686 4840 10

1062 4879 1111 4946 sic
1131 4879 1284 4962 triumphi
1305 4880 1445 4963 palmam
1468 4880 1570 4962 gerit,

384 4924 461 4991 dum
483 4943 543 5010 pro
566 4927 632 4994 fide
656 4931 742 4998 subit
764 4932 964 5015 martyrium,
989 4935 1009 4995 5
1107 4981 1182 5047 dum
1203 4999 1264 5066 pro
1286 4981 1353 5048 fide
1375 4983 1519 5047 moritur,

384 5027 469 5095 trino
492 5028 569 5094 ielir
591 5031 714 5114 potitur
737 5033 860 5100 bravio.
