3892 6025
668 1118 776 1191 1072.
813 1119 871 1189 De
898 1144 926 1189 s.
951 1117 1109 1193 Mortlno
1136 1120 1380 1216 (bopardam).

368 1358 397 1421 1.
430 1352 645 1421 Sacerdotem
668 1353 789 1422 Christi
1046 1360 1078 1421 6.
1109 1357 1191 1423 Nam
1213 1358 1325 1423 febres
1347 1359 1443 1425 sedat

433 1458 609 1525 Martiuum
1112 1460 1341 1544 daemonesque
1363 1463 1472 1546 lugat,

434 1568 551 1626 onnota
573 1582 634 1645 per
658 1563 768 1626 orbem
793 1566 888 1625 oanat
1111 1567 1296 1649 paralytica
1632 1570 1677 1632 35
1782 1605 1783 1618 κ

433 1663 574 1729 eeclesia
1078 1704 1084 1713 1
1112 1673 1256 1735 membra
1278 1672 1435 1754 glutinut3

430 1766 524 1849 pacis
547 1763 734 1846 catholiea,
973 1767 992 1826 5

1111 1806 1155 1872 Et
1176 1816 1374 1873 mortuorum

432 1899 543 1983 Atque
567 1900 652 1964 illius
675 1918 791 1965 nomen
1110 1930 1168 1974 sua
1190 1930 1290 1994 prece
1315 1912 1410 1976 trium

433 2004 535 2068 omnis
556 2003 730 2067 baeretious
1111 2012 1218 2077 reddit
1240 2031 1382 2096 corpora
1782 2049 1783 2078 1

432 2104 536 2186 fugiat
558 2103 706 2187 pallidus·
1109 2118 1186 2181 vitae
1209 2118 1365 2199 pristinae.
1628 2119 1674 2182 ld
1782 2129 1783 2180 i

367 2296 396 2357 2.
430 2294 596 2358 Pannonia
619 2294 748 2357 laetetur
771 2294 912 2376 genitrix
1005 2316 1008 2322 ·
1044 2335 1073 2397 7·
1104 2332 1166 2397 ffio
1188 2334 1268 2397 ,stus
1291 2334 1471 2417 sacrilegos

432 2398 506 2461 talis
529 2396 603 2479 filii,
951 2398 991 2460 ¹⁰
1109 2435 1246 2500 destruit

430 2534 525 2601 ltalia
547 2534 670 2599 exultet
693 2535 801 2600 alitrix
1109 2538 1206 2602 etad
1231 2536 1351 2623 Christi
1374 2540 1512 2623 gloriam

431 2639 511 2704 tanti
529 2638 679 2723 juvenis,
1109 2642 1165 2707 dat
1186 2644 1316 2725 ignibus
1338 2642 1434 2708 idola.

1104 2780 1168 2846 llio
1190 2781 1283 2845 nudis
1306 2783 1462 2865 mysteria
1626 2785 1671 2847 45

365 2830 395 2893 3.
427 2827 470 2894 Et
493 2826 607 2892 Galliae
630 2827 715 2891 trina
738 2826 855 2892 divisio
1105 2887 1249 2953 brachiis

431 2950 525 3007 saoro
548 2938 652 2996 certet
673 2930 793 3014 litigio,

430 3037 523 3121 cujus
546 3055 619 3100 esse
643 3034 762 3099 debeat
783 3035 921 3118 praesu13
948 3036 988 3096 15
1107 2988 1282 3054 ⁰⁰¹¹fi⁰l⁰¹¹⁸
1304 2988 1461 3073 prdiditus

858 3155 859 3158 ,
1107 3103 1158 3158 est
1180 3093 1304 3159 ooelesti
1326 3094 1452 3159 lumine.

428 3169 495 3236 Sed
520 3171 644 3254 pariter
665 3169 788 3234 babere
811 3189 848 3234 se
862 3179 989 3252 putrem

430 3295 542 3341 omnes
561 3274 740 3361 gaudeant,
765 3275 885 3340 Turoni
1040 3309 1070 3373 8Ι
1102 3307 1164 3372 ffio
1185 3307 1287 3373 oculis
1310 3327 1350 3372 Μ
1370 3308 1519 3374 manibus

429 3381 491 3446 ⁸⁰li
515 3382 587 3465 ejus
611 3399 731 3465 ⁰⁰¹Pl¹⁸
753 3382 897 3446 f⁰v⁰³¹¹t·
1108 3411 1140 3473 in
1163 3409 1278 3474 eoelum
1301 3419 1334 3472 et
1356 3410 1433 3473 totis
1455 3411 1578 3475 viribus
1624 3413 1668 3475 60

1107 3534 1284 3599 suspensus

361 3565 392 3628 4.
423 3562 506 3628 lluio
530 3562 731 3628 Francorum
1501 3618 1508 3633 ,

1106 3627 1237 3683 terrena
1259 3625 1376 3684 cuneta
1399 3625 1532 3702 respmt.

427 3675 525 3750 atque
548 3665 729 3730 Germaniae
944 3667 987 3732 20

426 3772 522 3855 plebs
545 3773 648 3836 omnis
670 3771 821 3856 plaudat,
1104 3757 1187 3843 Ejus
1210 3759 1260 3823 ori
1282 3777 1443 3840 nunquam
1467 3756 1615 3825 christus

1106 3861 1208 3925 abfuit
1230 3861 1299 3924 sive
1318 3859 1460 3952 justitia,
1782 3918 1783 3937 2

1104 3965 1160 4028 vel
1183 3964 1335 4048 quiequid
1622 3966 1663 4028 55

1105 4068 1282 4134 adversm
1304 4071 1404 4134 vitam
1426 4071 1576 4152 pertinet

426 3911 548 3990 Quibus
571 3910 744 3976 videndum

318 4007 323 4026 '
424 4013 549 4078 invexit
571 4011 731 4077 domiuum

424 4118 456 4180 in
481 4137 541 4182 sua
562 4125 664 4182 veste.

359 4282 389 4346 5.
421 4279 482 4346 llio
506 4282 644 4347 celebris
670 4288 720 4346 est
942 4283 984 4345 25
1038 4287 1068 4348 9.
1097 4283 1200 4366 lgitnr
1221 4291 1254 4347 te
1276 4284 1383 4348 cuncti
1404 4282 1586 4366 poscimus,

424 4381 574 4468 Aegypti
596 4385 760 4467 patribus,
1104 4408 1124 4455 o
1147 4390 1303 4484 Martius,

425 4486 562 4553 Graeoiae
585 4505 714 4569 qunque
1101 4493 1213 4575 utqui
1235 4493 1336 4558 multa

425 4590 548 4655 eunetis
570 4589 777 4672 sapientibus.
1102 4597 1183 4661 mira
1204 4596 1257 4661 bio
1280 4595 1470 4678 ostendisti,
1620 4597 1664 4660 60

424 4725 485 4804 0ῦὶ
506 4726 646 4809 iffll’ares
670 4745 707 4790 ⁵⁰
1102 4743 1208 4812 Etiam
1231 4743 1272 4808 de
1294 4745 1378 4810 ooelo
1401 4744 1540 4828 gratiam

423 4827 556 4894 Martini
577 4830 699 4894 meritis
940 4837 981 4900 30
1103 4845 1225 4910 Christi
1247 4847 1341 4911 nobis

423 4932 564 4996 sentiunt
585 4941 681 5015 atque
1102 4950 1285 5034 supplicatu

423 5035 494 5119 ejus
517 5036 727 5105 medicamini.
1102 5061 1158 5119 tuo
1180 5073 1310 5137 semper
1331 5054 1489 5119 infundas.
