3892 6025
1507 710 1552 775 aa

334 892 367 943 12
386 889 442 959 qni,
461 890 509 945 ils
543 890 578 941 25
597 902 724 958 quaerere
738 888 776 943 ist
794 884 853 942 fast
871 901 945 959 gans
963 887 1112 942 erlosclnen
1130 888 1186 943 und
1204 890 1342 945 unsieher.
1377 891 1411 945 31
1431 892 1551 949 discur-

258 978 325 1031 niven
342 976 450 1047 Sylbeu
475 975 539 1031 sind
563 974 768 1030 durohldchert
817 976 853 1029 31
877 974 937 1027 dem
955 975 1030 1029 Vers
1054 974 1109 1029 und
1127 976 1213 1032 Sinne
1237 978 1310 1033 nach
1335 975 1407 1032 ialslt
1425 977 1487 1034 hier
1504 979 1552 1035 ein

258 1062 447 1134 sneisylbiges
466 1064 568 1131 Wort,
586 1060 823 1117 wahmeheiulioh
841 1062 992 1129 moeolsam,
1023 1061 1079 1116 wie
1098 1066 1132 1115 17
1150 1065 1233 1119 steht
1278 1066 1314 1119 50
1332 1064 1475 1133 udendo,
1500 1065 1551 1123 lis.

258 1154 286 1205 53
308 1150 411 1221 puellus
440 1150 478 1205 ist
499 1165 573 1222 gana
598 1147 770 1219 abgarieben
794 1148 850 1203 und
872 1164 929 1205 von
959 1149 1013 1205 nair
1038 1150 1100 1205 dem
1130 1151 1296 1205 Versmasse
1324 1152 1396 1207 nach
1422 1153 1551 1223 erginut.

258 1240 287 1292 33
301 1242 454 1306 amputare,
471 1236 518 1291 ils.

334 1350 368 1403 V.
386 1352 430 1403 2⁷.
458 1350 633 1421 agonistam,
652 1350 697 1403 ein
716 1348 876 1420 gewdhlter
895 1347 1059 1418 Ausdrnclr,
1076 1349 1144 1403 weil
1162 1366 1193 1405 es
1212 1350 1294 1405 keine
1312 1351 1482 1423 eigentliche
1501 1351 1554 1405 Be·

258 1437 404 1507 zeiehnuug
421 1432 469 1489 sur
488 1436 541 1490 den
554 1436 699 1491 lohannes
718 1436 781 1506 gibt
799 1436 842 1490 als
862 1450 1033 1506 praecursor,
1051 1435 1141 1491 daher
1158 1438 1247 1492 sehon
1260 1440 1393 1509 laquata.
1407 1439 1436 1493 in
1450 1452 1551 1508 evang.

257 1524 311 1579 loln
327 1527 354 1590 d,
373 1524 399 1577 8.
418 1527 498 1594 sagr:
516 1539 573 1578 non
592 1527 656 1577 erat
673 1522 815 1593 propheta
832 1522 986 1590 lohannes,
1003 1522 1099 1594 major
1116 1528 1181 1578 erat
1199 1540 1281 1594 quam
1298 1526 1447 1596 propheta.

336 1608 369 1662 V.
389 1612 433 1663 31.
458 1608 529 1663 diem
548 1609 702 1679 passionis.
728 1609 873 1663 lohannes
893 1610 970 1679 ipse,
997 1612 1098 1679 „illum
1123 1610 1224 1681 inquit,
1243 1616 1344 1681 oportet
1358 1626 1491 1679 erexere,
1509 1622 1552 1663 oso

258 1703 333 1753 aalma
350 1698 448 1751 mmcd‘
468 1696 548 1765 (ton.
563 1698 589 1765 3,
603 1698 661 1765 30)
686 1696 761 1767 quod
779 1700 808 1751 et
827 1695 933 1765 diebus,
953 1696 1054 1767 quibus
1071 1697 1131 1752 uati
1147 1703 1221 1767 suut,
1239 1702 1268 1752 et
1286 1698 1433 1766 mortibus,
1450 1695 1553 1767 quibus

258 1784 410 1855 passisunt,
428 1780 582 1855 figuratum
600 1789 652 1839 est
672 1783 797 1839 nascitur
815 1798 932 1854 namque
951 1783 1103 1853 lohannes,
1122 1800 1157 1839 es
1171 1802 1226 1855 quo
1241 1784 1300 1839 dies
1314 1784 1450 1855 incipiunt
1458 1779 1554 1849 minui,

258 1874 374 1927 nascitur
393 1870 533 1939 dominus,
560 1887 595 1925 ex
614 1887 670 1941 qno
689 1870 748 1925 dies
767 1868 903 1941 incipiunt
923 1886 1060 1927 crescere.
1078 1872 1170 1944 capite
1188 1872 1238 1926 ille
1256 1871 1402 1940 minuitur,
1420 1871 1466 1925 lsic
1484 1882 1556 1923 vero

258 1958 399 2013 adtollitur
417 1957 445 2011 in
464 1972 557 2011 ornos.
593 1960 725 2027 Aupuadn.
743 1956 799 2011 div.
818 1962 916 2027 quast
933 1958 976 2025 58,
995 1960 1020 2011 1.

337 2046 370 2101 V.
389 2048 431 2101 63.
461 2046 535 2100 talis.
563 2047 695 2115 Aupnslta.
713 2044 740 2099 in
763 2060 863 2115 evang.
881 2044 944 2101 lon
962 2047 988 2113 2,
1006 2046 1031 2099 t.
1053 2062 1186 2118 magnum
1204 2047 1310 2117 aliquid
1328 2046 1382 2099 iste
1399 2044 1553 2109 lomnes,

256 2138 347 2204 iugens
370 2132 514 2201 meritum,
543 2148 646 2203 magna
668 2131 776 2203 gratia,
803 2146 906 2201 magna
924 2132 1070 2188 celsitudo.
1107 2133 1225 2202 mirare,
1253 2133 1338 2205 plane
1356 2132 1474 2197 mirare,
1502 2126 1554 2183 aad

257 2226 378 2290 tanquam
397 2223 528 2274 montem.

463 2573 550 2645 656.
585 2574 642 2643 De
667 2598 697 2671 s,
720 2570 888 2644 Julianus
915 2570 1066 2669 baptista
1092 2573 1336 2669 (troparium).

260 2802 284 2861 1.
305 2796 414 2862 Sancti
437 2795 595 2881 Baptistae
617 2800 778 2881 praeconis

262 2986 288 3050 2.
307 2983 486 3051 Sollemnia
507 2988 711 3053 celebrantes

309 3089 451 3153 moribus
473 3089 578 3172 ipsum
600 3107 789 3172 sequamur,

308 3223 350 3290 Ut
372 3224 416 3290 ad
435 3226 538 3307 viam,
562 3245 655 3307 quam
678 3224 846 3308 praedixit,

307 3329 453 3393 asseclas
474 3347 551 3394 suas
573 3329 742 3413 perducat.
855 3329 876 3408 Ι5

930 3434 961 3496 5.
984 3429 1050 3513 Tu,
1074 3431 1128 3512 qui
1148 3449 1320 3513 praeparas

261 3515 287 3576 3.
308 3515 426 3582 Devoti
450 3525 499 3598 te,

308 3619 510 3684 sanctissime

306 3719 487 3800 hominum,

307 3827 409 3889 amice
431 3825 534 3890 Jhesu
558 3821 693 3907 Christi,

306 3927 508 4011 flagitamus,
738 3913 752 3936 ⁹

306 4039 343 4094 ut
364 4029 486 4113 gaudia

306 4135 534 4217 percipiamus.

306 4267 486 4354 Apparens
510 4288 583 4352 quac

307 4373 479 4440 Zachariae

308 4473 443 4540 Gabriel

306 4577 509 4661 repromisit,
532 4578 586 4659 qui
606 4586 693 4643 tuam

307 4682 516 4746 celebrarent

306 4783 475 4864 obsequiis

306 4885 519 4949 nativitatem.

256 5073 285 5133 t.
311 5073 356 5140 Et
377 5093 439 5158 per
461 5073 535 5139 haec
557 5073 641 5138 festa

297 5203 385 5256 troas,
402 5203 488 5250 lateln.
504 5203 626 5259 llymnen.
649 5203 694 5250 nt

982 2807 1107 2863 aeterna
1128 2798 1249 2882 gandia

983 2902 1220 2986 adipiscamur,

982 3040 1053 3119 Qua
1074 3042 1179 3107 macti
1200 3039 1255 3104 dei

982 3144 1085 3208 saoms
1107 3144 1232 3209 deliciis

982 3245 1050 3309 laeti
1071 3243 1286 3328 congaudent.
1512 3241 1555 3304 25

982 3531 1126 3597 fidelium
1148 3531 1266 3614 corda,

984 3669 1034 3735 Ne
1057 3671 1134 3753 qnid
1155 3669 1286 3734 devium
1308 3670 1364 3733 vel
1385 3669 1543 3735 lubricum

986 3773 1067 3838 deus
1088 3775 1121 3837 in
1144 3773 1191 3836 eis
1213 3771 1374 3863 inveniat,

987 3910 1034 3975 'l'e
1056 3911 1276 3994 deposcimus,
1512 3909 1556 3972 30

985 4021 1021 4079 ut
1042 4015 1176 4080 crimina
1195 4021 1309 4080 nostra

986 4149 1030 4215 Et
1050 4150 1197 4244 facinora
1219 4145 1370 4215 continui

985 4270 1085 4335 prece
1108 4249 1240 4316 studeas
1262 4249 1453 4328 absolvere,

840 4473 854 4536 1
932 4445 962 4507 6.
985 4440 1138 4505 Placatus
1159 4445 1196 4502 ut
1216 4437 1288 4519 ipse
1311 4452 1387 4500 suos

986 4561 1116 4625 semper
1137 4539 1279 4603 invisere
1301 4536 1418 4602 fideles
1514 4539 1557 4601 35

984 4679 1027 4744 Et
1048 4676 1247 4743 mansionem
1267 4675 1299 4738 in
1323 4674 1371 4739 eis

986 4785 1097 4848 iacere
1119 4779 1287 4863 dignetur,

936 4977 966 5040 ⁷.
988 4971 1032 5038 Et
1053 4970 1131 5056 agni
1153 4969 1293 5051 vellere,

841 5075 884 5140 20
987 5094 1081 5157 quem
1104 5083 1160 5140 tuo
1182 5072 1286 5156 digito

1333 5176 1355 5238 l
