3892 6025
1517 690 1582 760 ³21

265 877 376 944 Vitam
398 894 470 944 oum
491 883 596 942 matre
618 873 749 958 pietatis
952 873 1055 954 Quem
1076 893 1137 960 pro
1159 876 1253 944 nohis
1275 875 1476 966 deprecare,

267 980 389 1047 duxisti
410 987 444 1044 et
465 978 677 1063 perennitatis
949 983 987 1040 ut
1011 977 1044 1042 iu
1066 977 1149 1044 hora
1170 979 1282 1046 mortis
1305 979 1394 1046 clare

309 1081 466 1148 heredem
486 1084 541 1166 pie
563 1080 710 1160 donasti,
997 1077 1061 1146 tuis
1082 1081 1235 1164 precihus
1257 1080 1469 1170 adjuvemur,
1539 1070 1579 1148 13

265 1274 304 1338 ln
326 1271 501 1338 subsidium
524 1271 726 1356 paupertatis
854 1269 894 1334 10
945 1265 1055 1334 Finita
1077 1269 1146 1335 vita
1167 1271 1337 1356 hospitare

265 1377 391 1440 intrans
413 1375 588 1441 claustrum
610 1373 780 1456 claritatis,
946 1375 1020 1438 oum
1041 1371 1145 1438 Jhesu
1167 1371 1298 1439 Christo
1322 1383 1355 1440 et
1379 1395 1510 1443 coenare

309 1479 343 1542 in
366 1495 430 1562 quo
453 1476 593 1560 Christo
606 1475 789 1558 famulasti3
990 1481 1024 1539 st
1041 1491 1113 1540 cum
1135 1473 1249 1540 electis
1271 1475 1479 1559 gratulemur.

355 1661 487 1731 Pap-lla.
503 1675 561 1716 von
578 1661 739 1722 lisichenau
757 1677 793 1716 nu
811 1659 968 1716 lfnrlsrnhe
992 1659 1046 1716 No.
1065 1660 1109 1716 dd.
1128 1659 1171 1716 lil
1189 1661 1250 1714 101.
1274 1676 1325 1716 aus
1343 1660 1406 1718 dem
1424 1665 1457 1717 1s
1474 1661 1568 1720 sanat

268 1748 342 1804 ohne
360 1747 533 1819 Abtheilang
550 1746 601 1802 der
618 1746 708 1802 Versa
726 1747 784 1804 und
800 1746 956 1819 §trophea

752 2031 841 2108 949.
881 2031 941 2108 De
967 2029 1099 2104 eadem.

267 2231 346 2300 Av'c
368 2233 554 2316 (luttrudis,
576 2235 673 2316 virgo
696 2240 808 2316 grata,
948 2233 976 2298 0
998 2235 1094 2317 virgo
1117 2235 1366 2316 misericordie,

269 2359 312 2402 ex
334 2337 439 2419 regali
461 2337 563 2420 stirpe
585 2344 677 2418 nata,
874 2409 878 2417 .
948 2335 1087 2401 feliciter
1110 2343 1168 2402 ora

268 2440 419 2522 leprosos
443 2436 598 2502 mundare
620 2455 686 2502 non
708 2438 861 2522 sprevisti
947 2435 1084 2505 Jhesum
1105 2437 1222 2514 Mariae
1244 2437 1361 2521 lilium,

269 2543 312 2605 ob
334 2558 476 2604 amorem
499 2539 604 2605 ‚ihesu
628 2537 764 2621 Christi,
948 2544 983 2602 ut
1005 2539 1099 2601 nobis
1122 2537 1178 2602 det
1201 2540 1353 2604 auxilium

269 2644 367 2709 caecis
388 2645 474 2706 viam
496 2643 742 2726 demonstrasti,
875 2645 895 2706 5
948 2641 1124 2723 benignum
1146 2649 1180 2706 et
1202 2643 1375 2726 hospitium

267 2763 431 2830 pauperes
454 2752 488 2809 et
509 2744 615 2810 nudos
637 2744 822 2828 collocasti,
948 2745 1043 2808 nunc'
1057 2751 1091 2808 et
1113 2745 1145 2808 in
1167 2753 1361 2832 perpetuum
1494 2819 1498 2828 ,

312 2849 429 2930 quibus
450 2854 485 2912 tu
507 2847 650 2931 hospitia
991 2848 1024 2910 in
1050 2865 1109 2912 suo
1132 2849 1256 2932 palatio

312 2950 432 3016 dedisti
453 2951 652 3016 suavissima.
993 2970 1064 3017 cum
1082 2959 1207 3018 aeterno
1230 2952 1360 3037 gaudio.

355 3137 488 3193 onerose
505 3138 569 3209 (a),
590 3136 871 3194 aerumnarum
890 3136 990 3193 anime
1009 3136 1051 3193 st.
1070 3140 1121 3212 aas
1140 3098 1206 3209 (ni.

360 3261 455 3316 tter.
474 3258 548 3315 fehlt
564 3260 596 3315 a
648 3262 720 3318 fet
738 3259 812 3317 fehlt
828 3260 861 3315 li
914 3263 990 3317 'ltu
1009 3259 1081 3317 fehlt
1098 3262 1128 3317 R
1183 3264 1279 3319 limis.
1297 3261 1369 3321 fehlt
1386 3263 1419 3322 fl.
1475 3265 1509 3317 10
1527 3263 1579 3320 das

269 3349 380 3404 Reimea
397 3364 500 3421 wegen
517 3346 604 3404 sollte
623 3352 696 3404 nach
715 3364 768 3404 ora
785 3356 862 3405 etwa
878 3349 925 3421 pia
942 3348 1049 3405 atehen
1087 3346 1207 3405 etfama
1225 3350 1257 3407 ll.

590 3596 677 3708 950.
711 3632 887 3709 Gereonis
916 3644 951 3707 et
978 3634 1152 3707 sociorum
1178 3622 1274 3733 ejus.v

268 3847 438 3931 Majestati
458 3856 678 3912 sacrosancte
949 3847 1049 3913 (lives
1072 3846 1186 3913 donatis
1209 3848 1387 3915 Pharaonis

268 3951 409 4017 militans
432 3968 503 4014 cum
526 3952 742 4035 triumphante
951 3953 1114 4025 civitatem
1137 3954 1272 4019 visionis

308 4054 428 4138 jubilet
450 4054 590 4119 ecclesia
993 4058 1125 4123 visitant
1146 4067 1179 4122 et
1201 4058 1392 4141 praesulem,
1538 4059 1579 4122 15

268 4158 312 4222 de
334 4156 497 4241 triumpho
521 4156 756 4251 'l’hehaeorum
950 4182 972 4225 a
992 4178 1056 4243 quo
1078 4161 1164 4227 sacri
1186 4162 1374 4229 catechismi

267 4270 304 4326 et
327 4261 431 4324 salute
454 4270 662 4344 peccatorum
876 4264 896 4325 5
951 4261 1162 4333 sacramentis
1185 4271 1217 4326 et
1240 4264 1391 4347 baptismi
1481 4250 1484 4257 Δ

312 4384 374 4446 per
397 4363 512 4429 horum
534 4365 700 4449 suffragia
940 4366 944 4373 '
995 4366 1179 4432 imbuuntur
1201 4368 1317 4449 gratia.

268 4554 313 4619 lli
333 4562 408 4619 sunt
430 4555 492 4619 viri
515 4557 717 4638 testamenti,
950 4556 1065 4623 Romae
1087 4553 1152 4620 fide
1176 4552 1372 4637 confirmati,

270 4659 326 4741 qui
347 4659 471 4723 ruinam
494 4657 678 4723 detrimenti
832 4674 836 4680 '
952 4644 1061 4725 raetia
1083 4664 1215 4723 movent
1237 4657 1379 4723 comitati

314 4770 471 4846 reparant
494 4763 650 4845 angelici,
699 4786 702 4789 ⁴
995 4762 1214 4830 Romanorum
1236 4760 1376 4843 aquilas:

269 4864 334 4929 viri
356 4866 459 4929 fortes
482 4867 554 4929 veri
575 4864 696 4946 David,
856 4866 898 4931 10
953 4862 1003 4931 dis
1026 4866 1173 4951 profanis
1194 4864 1363 4928 immolare

272 4968 388 5049 quibus
410 4968 523 5032 hostes
546 4968 747 5053 expugnavit
947 4968 1045 5055 jubet
1066 4987 1170 5035 caesar
1194 4974 1227 5033 et
1248 4976 1372 5033 vocare

315 5092 461 5158 caruem,
485 5074 651 5158 mundum,
675 5074 864 5144 daemonem.
997 5074 1213 5149 thebeorum
1237 5075 1375 5165 agmina.
1424 5126 1426 5131 ,
1467 5122 1482 5176 '-
1567 5063 1576 5075 ’

316 5205 402 5263 Mose,
419 5205 507 5253 latein.
523 5207 647 5265 lipmnea.
667 5208 712 5255 111.
911 5210 915 5217 ‘
1009 5182 1015 5191 ’
1286 5186 1290 5191 ’
1332 5166 1376 5244 21
