3892 6025
354 666 396 729 48

355 854 384 916 2.
408 848 451 915 Et
472 850 505 913 in
528 857 559 913 te
583 850 721 914 omnium
959 852 979 911 5
1031 850 1061 912 6.
1085 846 1211 914 Assunt
1233 850 1401 932 asumma,

407 951 563 1018 tortitudo
586 952 792 1035 sperantium.
1085 952 1162 1017 lecit
1183 953 1333 1017 Herodes
1354 974 1415 1017 rex
1615 955 1656 1017 to

407 1090 468 1169 Qui
490 1089 626 1179 primum
649 1088 810 1153 hominem
1086 1075 1209 1120 ooenam
1232 1056 1332 1120 natali
1354 1074 1431 1135 suo,

410 1200 496 1258 tuam
520 1191 562 1257 ad
584 1193 756 1275 imaginem
1083 1192 1208 1256 Primos
1232 1191 1377 1257 Galilaea

1086 1297 1266 1379 principes,
1290 1297 1435 1362 tribunos

407 1329 586 1409 Formasti,
611 1329 642 1392 ei

1084 1398 1163 1462 feeit
1183 1400 1296 1463 vocari
1319 1398 1361 1464 ad
1384 1417 1428 1463 se.

409 1434 490 1497 dans
513 1430 624 1497 sedem
646 1432 814 1531 pulchram

406 1538 566 1621 paradisi,
1025 1592 1029 1599 .
1085 1535 1173 1599 Inter
1196 1537 1309 1618 epulas
1614 1537 1655 1597 45

1084 1638 1152 1702 lilia
1174 1640 1262 1704 venit

410 1674 511 1751 Quam
529 1694 589 1758 per
608 1674 769 1757 serpentis
1088 1743 1096 1758 ‚
1140 1742 1147 1756 ,
1480 1742 1488 1757 ‚
1535 1742 1542 1755 .

1086 1760 1187 1825 rpsrns
1209 1741 1344 1807 moeohaa
1367 1741 1578 1822 Herodradrs,

409 1780 530 1861 antiqui
554 1777 700 1841 fraudem

410 1882 607 1967 perdiderat.
1085 1871 1191 1958 coepit
1214 1875 1324 1957 puella

1087 1977 1200 2043 ludere
1224 1978 1310 2041 bella

361 2050 391 2113 3·
414 2046 485 2111 11³⁰
508 2046 603 2129 ⁰¹¹¹P⁸
626 2042 707 2107 Evae
942 2044 981 2103 ¹⁵
1086 2080 1234 2145 saltando
1253 2082 1398 2147 manibus
1414 2091 1447 2146 et
1462 2080 1657 2166 plaudendo.

411 2152 559 2235 privatus
582 2148 660 2213 sade

409 2254 561 2317 mimam
583 2252 680 2313 mim
702 2248 790 2311 venit
1035 2275 1064 2334 7.
1089 2267 1226 2335 Saltatio
1247 2270 1320 2335 baeo
1342 2270 1465 2335 Herodi

409 2357 443 2419 in
465 2356 549 2420 Μ
568 2364 706 2434 ‘emm’
933 2412 936 2417 ·
1057 2384 1061 2390 '
1086 2376 1207 2458 plaonit
1230 2384 1263 2438 et
1285 2373 1486 2439 multitudini.

412 2489 468 2558 55⁰
491 2491 635 2609 lljfladffi
1087 2513 1177 2578 'luno
1198 2534 1259 2578 rex
1275 2513 1401 2598 juravit
1422 2513 1559 2598 puellae,

411 2602 596 2659 mmmm
941 2592 983 2655 ²⁰
1087 2618 1241 2702 quidquid
1262 2619 1414 2702 petisset,
1437 2617 1500 2683 sibi
1521 2616 1609 2696 dari;

411 2694 513 2814 mstis
535 2715 608 2815 Cum
631 2696 780 2779 antiquus
1086 2752 1157 2817 Neo
1178 2771 1269 2817 mora
1310 2751 1473 2816 admonita
1617 2752 1660 2814 55

413 2798 566 2865 demtum
1086 2864 1191 2919 matre
1213 2799 1409 2937 neqiriasimb

359 2965 389 3026 l.
413 2959 535 3027 Circuit
557 2959 684 3025 invidus
1090 2966 1187 3040 rogat
1208 2959 1385 3042 pretiosum

412 3073 446 3130 et
468 3064 583 3144 adhuc,
608 3083 702 3147 quem
725 3063 883 3146 devoret,
1089 3059 1353 3144 oaputJobannis
1362 3058 1660 3144 Christipraeoonis.

413 3187 561 3251 (lllaefffl
585 3165 725 3232 anhelat·
942 3169 984 3230 ²⁵
1089 3197 1161 3261 Rex
1185 3199 1293 3262 statim
1315 3199 1348 3263 in
1371 3217 1506 3263 caruere

413 3305 536 3372 Contra
557 3307 643 3372 huno
666 3307 811 3373 dominus
1090 3303 1169 3366 feeit
1190 3303 1350 3386 amputari
1619 3305 1663 3369 60

416 3410 597 3493 agonistam
620 3411 747 3491 statuit,
1091 3413 1190 3490 oaput
1211 3406 1314 3470 sancti
1335 3405 1399 3470 viri

417 3515 471 3597 qui
491 3513 622 3577 resistat
645 3514 691 3596 ei,
1091 3518 1126 3573 et
1146 3508 1266 3593 puellae
1289 3507 1361 3572 dari
1383 3509 1527 3574 nelariae.

362 3709 391 3770 5.
415 3703 597 3769 Johannem
620 3703 809 3786 baptistam,
1040 3701 1070 3764 8.
1094 3697 1181 3763 'l'alis
1203 3707 1237 3763 et
1258 3706 1367 3764 tantus

415 3807 508 3891 nujus
531 3806 615 3874 diem
637 3806 735 3871 hodie
945 3807 987 3870 30
1092 3809 1223 3867 sanetus
1246 3810 1278 3867 et
1301 3800 1424 3866 Christi
1446 3802 1568 3868 amicus

415 3910 547 3976 solimus
569 3912 767 3993 passivum,
1092 3906 1169 3971 abiit
1188 3926 1249 3990 per
1272 3908 1483 3972 meretricem
1622 3909 1665 3971 65

414 4044 475 4123 oui
496 4064 608 4128 regem
631 4043 795 4108 Herodem
1092 4043 1176 4109 fluia
1198 4044 1262 4108 mel
1284 4044 1377 4108 silvae

416 4148 574 4230 arguebat
596 4153 733 4230 propter
1094 4167 1162 4212 ...e
1182 4166 1273 4227 esea,
1301 4154 1397 4231 potus
1420 4153 1542 4212 tantum
1565 4165 1666 4231 aqua,

415 4248 642 4316 Herodiadem.
1093 4252 1195 4315 vestis
1218 4259 1290 4315 erat
1311 4250 1477 4315 camelina.

415 4386 484 4453 Sed
504 4387 711 4472 impiissimus
733 4389 909 4472 piissimum
946 4389 988 4452 35
1094 4389 1203 4471 Nono,
1226 4397 1350 4472 martyr
1371 4388 1591 4471 invindamma,

415 4497 614 4562 inoaroerari
631 4497 731 4579 jussit
753 4497 922 4578 famulum,
1096 4493 1198 4558 amieo
1221 4493 1395 4558 salvatoris
1418 4492 1536 4573 mundi,
1625 4491 1668 4555 'to

417 4619 512 4681 quem
534 4600 610 4664 totis
632 4601 741 4682 perire
765 4601 887 4667 nisibus
1093 4613 1155 4660 nos
1176 4614 1276 4679 praoe
1303 4604 1360 4661 tua
1382 4595 1510 4661 domino

415 4705 588 4772 laborabat
608 4705 778 4772 Herodian.
1095 4697 1158 4764 deo
1182 4701 1379 4766 commanda.

451 4888 644 4945 Raithenauer
662 4889 710 4944 lla.
737 4887 790 4944 No.
805 4890 864 4942 151.
892 4886 945 4943 anf
965 4889 1027 4943 dam
1045 4886 1151 4942 letaten
1170 4886 1261 4957 Blatt,
1294 4903 1346 4942 aas
1364 4886 1427 4941 dam
1445 4888 1479 4941 1³
1497 4886 1594 4943 Jahrb.
1617 4887 1668 4942 mit

365 4975 418 5031 den
436 4976 538 5045 Noton,
556 4975 756 5032 durobltiobert
773 4974 831 5030 und
844 4975 1025 5048 abgarieben,
1044 4974 1132 5029 daber
1150 4974 1189 5028 ist
1203 4974 1253 5029 der
1267 4973 1386 5030 Sabinas
1401 4973 1478 5029 niobt
1491 4971 1541 5028 mit
1554 4971 1667 5028 Sieber·

365 5062 425 5119 lusit
442 5063 574 5118 matriscb
592 5061 778 5118 abuutlneileu.
