3892 6025
360 827 424 906 Qui
445 824 627 910 inplumeus
649 819 713 885 heu
735 818 901 904 deplumat
1039 817 1159 885 Vernis
1181 818 1314 885 llcribus
1337 819 1465 884 ornaris

359 937 458 1013 atque
480 928 604 993 rabiem
626 923 796 1007 despumat
1039 928 1073 986 at
1092 939 1165 986 cum
1182 921 1316 1004 paribus
1333 919 1455 985 laetaris

402 1027 617 1117 opprimendo
641 1025 780 1108 debiles,
1081 1024 1114 1088 iu
1137 1031 1263 1089 aeterua
1284 1023 1407 1107 gloria,

359 1133 454 1217 cujus
476 1128 653 1214 gaudiosos
675 1134 788 1193 cantus
946 1128 988 1190 ’10
1039 1127 1249 1212 praemunitus
1271 1127 1496 1208 sacramentis,

360 1235 478 1302 aeterni
501 1239 680 1317 sequuntur
697 1232 847 1316 planctus
1040 1237 1106 1296 tuae
1128 1230 1235 1296 caruis
1258 1237 1355 1312 atque
1378 1229 1493 1296 mentis

406 1350 537 1406 atroces
558 1345 592 1405 et
612 1337 749 1404 flebiles.
1084 1333 1170 1398 cmui
1190 1333 1260 1400 lota
1282 1333 1398 1400 scoria

362 1548 432 1616 Sed
454 1549 632 1634 prudentia,
649 1567 791 1633 superus
880 1551 883 1554 ’
1039 1545 1105 1633 llja
1125 1555 1221 1634 pater
1243 1558 1277 1613 at
1299 1556 1454 1634 patrone,

361 1650 577 1736 praesidebat,
599 1658 636 1716 ut
656 1651 790 1716 lucerua
1040 1667 1101 1716 uos
1123 1652 1269 1718 satanico
1287 1669 1442 1718 mucrone

408 1761 541 1818 extares
563 1753 596 1817 iu
619 1752 747 1835 patule,
945 1753 988 1816 'lt
1085 1752 1232 1818 confixos
1254 1754 1430 1820 crudeliter
1647 1758 1666 1818 5

362 1855 397 1919 in
419 1871 571 1939 supremo
593 1852 801 1937 praesulatum
1040 1857 1235 1938 gemebundi
1258 1857 1474 1938 clamitamus,

362 1974 499 2040 gregem
522 1953 595 2038 ejus
617 1953 806 2019 sublimatus
1040 1959 1177 2041 impetra
1199 1957 1271 2040 hoc,
1294 1957 1382 2041 quod
1404 1976 1585 2042 speramus,
1659 1959 1661 1964 ’

405 2076 541 2141 regeres
563 2075 635 2122 cum
657 2057 783 2123 baculo.
1084 2067 1215 2124 orantes
1237 2058 1386 2126 fideliter.

362 2276 489 2341 Pravos
510 2275 639 2340 stimulo
661 2273 852 2358 pungendo,
1040 2272 1103 2339 liei
1125 2275 1264 2358 gratiam
1286 2275 1415 2360 adepti,
1518 2301 1522 2309 ·

363 2396 449 2444 uucc
471 2380 576 2443 bonos
598 2377 809 2459 attrahendo,
944 2376 987 2441 80
1041 2379 1147 2462 paenis
1170 2379 1313 2444 trucibus
1336 2381 1441 2464 erepti
1625 2383 1665 2446 10

409 2478 570 2562 quoti-est
590 2479 636 2562 pii
657 2477 824 2562 prmsislis3
875 2494 877 2499 ·
1085 2482 1383 2564 intermissumue,

362 2581 450 2666 quod
473 2583 609 2648 ubertim
630 2583 798 2666 parfecisti
1043 2587 1076 2650 iu
1099 2595 1275 2671 conspectu
1298 2586 1427 2653 deitatis
1587 2669 1589 2675 ,

364 2691 400 2752 ut
422 2685 528 2750 iidelis
545 2706 661 2752 servus
683 2685 818 2767 Christi,
1042 2697 1277 2775 presentemur
1300 2711 1372 2757 cum
1393 2693 1498 2758 beatis

407 2809 538 2874 poeuam
559 2790 666 2854 vitans
688 2789 818 2854 desidis.
1085 2794 1161 2858 coeli
1182 2793 1241 2858 toti
1264 2793 1371 2860 curiae

365 3007 458 3073 Voce
482 3007 590 3073 cerdis
611 3028 674 3074 uec
695 3027 760 3074 ucu
781 3008 848 3074 oris
947 3011 990 3079 80
1044 3006 1107 3075 Ubi
1128 3009 1284 3078 caelorum
1305 3009 1452 3095 reginam
1627 3016 1666 3077 15

366 3112 464 3181 deum
486 3111 562 3178 oras
583 3113 697 3199 paucis
720 3106 823 3178 horis
1043 3121 1077 3178 et
1099 3113 1270 3177 assentiam
1293 3112 1434 3178 divinam

408 3234 526 3299 aquam
547 3216 655 3281 vivam
677 3218 804 3301 sitieris,
1086 3217 1239 3281 mirantes
1261 3216 1457 3300 videbimus,

365 3326 400 3385 te
422 3319 646 3413 cunctipotens
668 3320 806 3404 audivit,
859 3401 861 3404 Ι
1023 3326 1076 3383 'et
1098 3318 1159 3400 his,
1182 3318 1237 3401 qui
1257 3336 1319 3401 pro
1343 3320 1447 3403 culpis
1469 3328 1614 3403 gemunt,

365 3421 440 3486 lcus
463 3441 482 3486 e
505 3430 594 3487 terra
616 3424 783 3489 scaturivit
1032 3440 1124 3507 vquos
1148 3424 1243 3507 hujus
1265 3423 1374 3489 mundi
1402 3424 1486 3490 mala
1507 3434 1667 3510 premunt,

408 3524 554 3609 plurimis
577 3524 750 3591 sufficiens.
947 3529 990 3593 00
1085 3527 1152 3591 laeti
1174 3526 1426 3610 conridebimus‚
1624 3530 1667 3593 20

363 3740 490 3812 Bonum
510 3743 545 3809 in
566 3744 664 3809 terris
686 3744 813 3827 sevisti,
1042 3743 1159 3810 Grates
1183 3744 1245 3810 dec
1269 3745 1449 3811 relerentes

363 3845 452 3930 qued
473 3848 508 3912 iu
529 3848 621 3913 cmlis
643 3848 806 3913 messuisti
1041 3857 1178 3935 propter
1199 3851 1322 3933 gratias
1345 3850 1494 3935 ingentes

405 3948 565 4017 fructibus
585 3952 769 4035 uberrimis5
1083 3949 1188 4031 lactas
1210 3952 1472 4033 magnanimiter3

360 4053 557 4137 praecivisti
579 4054 657 4119 vitm
678 4061 811 4137 metam,
917 4093 927 4132 ,¹
1041 4052 1098 4120 det
1119 4053 1182 4119 hcc
1203 4056 1297 4120 uobis
1319 4056 1437 4139 murum
1460 4054 1594 4137 flamen,

360 4156 463 4221 intras
486 4156 539 4222 dei
561 4158 667 4247 aulam
690 4158 814 4240 laetam,
942 4160 987 4235 ‚95
1040 4156 1141 4223 cerda
1164 4164 1232 4223 tole
1255 4156 1382 4243 dicant,
1405 4178 1513 4241 amen,
1603 4159 1665 4220 125

406 4258 463 4324 ubi
482 4277 568 4324 nuuc
589 4257 814 4344 pulcherrimis
1083 4278 1194 4325 omues
1216 4260 1414 4327 unanimiter.

451 4476 501 4533 Hs.
519 4494 555 4534 su
570 4476 714 4533 munchen.
725 4477 794 4534 illm.
813 4481 909 4537 19024.
928 4480 979 4538 des
998 4483 1033 4537 15
1050 4481 1148 4539 Jahrb.

454 4614 489 4668 19
506 4614 682 4685 ministrans,
701 4615 748 4672 lis
791 4621 828 4674 2l
844 4618 992 4693 proficias,
1010 4622 1058 4679 lls.
1106 4625 1142 4679 10
1167 4621 1267 4681 (luleus
1284 4626 1365 4679 wire
1383 4622 1446 4679 hier
1463 4622 1518 4680 aad
1535 4624 1612 4680 cedis
1630 4628 1667 4681 tc
1789 4636 1790 4671 l

364 4700 471 4757 besses
517 4703 552 4756 56
580 4702 727 4774 exultans,
754 4706 804 4761 lla.
832 4707 930 4764 besssr
953 4710 1045 4767 bleibt
1067 4712 1115 4767 sed
1136 4726 1203 4784 weg
1225 4711 1281 4767 aad
1305 4712 1378 4766 wiri
1401 4714 1523 4768 excitasti
1546 4719 1666 4783 gesetzt

362 4791 400 4847 00
416 4791 456 4846 ibi
473 4789 493 4846 1.
511 4796 549 4861 et,
563 4792 615 4849 lla.
665 4796 801 4853 sss-sc
815 4798 880 4854 siud
894 4799 1058 4857 uuieutlich
1075 4801 1133 4857 aud
1149 4803 1203 4857 110
1222 4800 1399 4871 versorum,
1416 4800 1561 4857 vielleiaht
1579 4801 1666 4857 sollte

356 4892 395 4938 er
408 4879 519 4936 lactem
537 4886 567 4938 st
584 4898 657 4954 qus
671 4885 775 4972 unffi,
792 4888 892 4947 venit
908 4888 980 4946 aser
998 4888 1048 4945 ser
1066 4890 1136 4948 Simu
1154 4890 1232 4945 uiclrt
1248 4891 1348 4947 besser
1365 4888 1447 4945 wiri.

450 5026 484 5087 V.
502 5029 615 5112 stt-'tt
640 5046 688 5092 scr
702 5032 793 5106 ιῡιιιηι,
814 5034 860 5092 siu
873 5034 1035 5110 Wcrtspiel
1053 5052 1103 5093 zur
1116 5036 1277 5110 Erlrliruug
1296 5038 1346 5093 des
1363 5038 1484 5097 Nameus
1499 5034 1664 5094 corbicium.
