3892 6025
490 861 605 945 Sagax
625 858 685 925 luit
706 860 739 923 in
763 858 880 923 divinis
903 858 1075 942 mundique
1097 860 1256 943 negotiis,

491 972 600 1030 castus
607 1013 616 1047 ,
639 963 766 1046 largus,
789 971 991 1045 mansuetus,
1014 963 1158 1044 sobrius,
1181 963 1389 1046 humillimus,

490 1068 601 1151 sicque
625 1067 704 1131 felix
726 1066 904 1131 infelicem
927 1066 1018 1130 veuit
1042 1063 1246 1150 Baioariam,

491 1255 668 1321 Ordinante
691 1256 724 1318 iu
747 1274 811 1337 qua
834 1252 966 1318 Christo
990 1264 1088 1337 atque
1110 1253 1279 1322 Bonilacio

491 1360 660 1426 clericales
681 1376 794 1423 omues
816 1357 940 1442 gradus
963 1358 1093 1442 accepit
1115 1357 1335 1442 dignissimus,

490 1463 684 1548 praesulatus
708 1460 813 1526 donec
836 1479 991 1526 summam
1013 1460 1203 1544 possidebat
1225 1460 1422 1526 cathedram.

490 1653 587 1720 Sedis
609 1635 682 1738 ejus
706 1661 756 1718 est
779 1673 897 1717 revera
919 1651 1097 1718 Rubilocus
1121 1653 1309 1736 toparchia,

490 1758 545 1823 ubi
567 1777 697 1842 semper
718 1756 798 1822 fecit
820 1755 914 1838 sigua
937 1762 1036 1837 atque
1058 1755 1136 1820 lacit
1157 1757 1313 1840 plurima,

490 1871 600 1928 suetos
623 1863 747 1928 cunctis
770 1877 865 1943 opem
887 1859 976 1923 lerre
996 1860 1146 1943 corporis
1167 1867 1200 1923 et
1222 1861 1347 1924 animae.

488 2049 582 2116 Nuuc
605 2069 792 2133 precamur,
815 2047 896 2112 deus
919 2055 1033 2131 pater,
1056 2065 1167 2112 omnes
1190 2056 1223 2113 te
1243 2048 1470 2130 communiter,

489 2153 609 2219 tuearis
632 2160 667 2218 ut
692 2169 752 2218 nos
774 2149 847 2236 pius
870 2152 975 2216 sancti
996 2151 1043 2216 tui
1065 2152 1235 2236 precibus,

490 2255 583 2338 cujus
606 2257 709 2320 virtus
730 2263 828 2338 atquc
850 2273 987 2336 reguum
1008 2253 1100 2336 viget
1121 2255 1155 2316 in
1176 2261 1377 2338 perpetuum.

472 2437 520 2493 lls.
540 2455 575 2492 zu
593 2438 692 2508 Trier,
711 2438 849 2494 Dombibl
868 2439 920 2496 No.
939 2441 964 2494 5.
983 2439 1013 2496 F.
1033 2440 1083 2494 des
1102 2441 1136 2494 12
1152 2439 1252 2495 imru.
1347 2483 1351 2489 .

476 2560 510 2612 13
528 2559 597 2632 algu
615 2565 644 2614 et
662 2557 730 2616 fort.
748 2560 794 2616 ils
826 2563 860 2615 31
879 2559 1034 2616 liubilocus
1052 2557 1072 2614 l.
1090 2560 1215 2616 Roboris
1233 2561 1323 2630 locus,
1341 2561 1484 2616 Eiclatddt.

804 2911 807 2916 .
861 2843 969 2917 1212.
998 2844 1056 2918 Da
1080 2841 1215 2916 eodem.

383 3049 483 3130 Dauo,
509 3054 633 3115 tuorum
656 3049 787 3117 militum
1063 3049 1112 3116 0b
1134 3052 1207 3135 ejus
1230 3051 1314 3115 alma
1335 3052 1450 3115 merita

382 3171 520 3233 corono,
542 3169 615 3235 spes
637 3159 666 3219 et
686 3155 864 3236 prumiam,
1062 3163 1176 3220 nostra
1197 3156 1311 3219 relaxa
1334 3155 1484 3239 crimina,

383 3257 518 3321 attende
539 3256 653 3339 pronis
676 3258 808 3321 auribus
1063 3256 1118 3323 hic
1138 3258 1243 3322 libera
1265 3257 1308 3321 de
1329 3258 1435 3323 noxiis

382 3358 526 3442 indiguis
548 3359 667 3423 uostris
690 3358 836 3441 vocibus,
1064 3368 1098 3425 et
1118 3360 1150 3425 iu
1173 3360 1289 3427 futuris
1311 3362 1449 3426 saeculis.

382 3522 445 3605 Qui
466 3521 695 3590 Willibaldum
718 3524 814 3591 hodie
990 3528 1010 3590 5
1063 3524 1109 3589 'le
1123 3512 1247 3591 ⁴cuncta
1269 3524 1402 3591 laudent
1424 3527 1563 3610 pariter,

382 3629 426 3694 ab
449 3630 535 3694 omni
557 3648 673 3712 purum
693 3628 825 3700 crimiue
1061 3646 1183 3695 summe
1207 3636 1394 3695 cunctorum
1417 3631 1556 3707 arbiter,

382 3728 534 3795 eductum
557 3732 665 3797 omnis
688 3750 792 3797 cavea
1062 3739 1113 3793 est
1135 3730 1228 3813 cujus
1251 3750 1387 3815 regnum
1409 3731 1528 3796 stabile
1662 3718 1672 3734 '

382 3833 499 3901 locasti
522 3852 622 3918 super
644 3834 778 3899 aethera.
1061 3854 1122 3918 per
1144 3854 1250 3901 aevum
1272 3836 1342 3900 sine
1360 3846 1518 3920 tempore.

473 4020 533 4075 Aus
552 4018 698 4074 derselben
716 4018 764 4074 Hs.

470 4143 549 4197 Zwei
568 4140 672 4197 andere
690 4140 790 4195 Lieder
808 4135 862 4195 auf
873 4138 922 4195 ihu
939 4140 1038 4195 stelias
1056 4142 1086 4195 iu
1103 4140 1157 4195 deu
1173 4142 1248 4197 Acta
1266 4142 1318 4199 SS.
1335 4142 1405 4200 tulii
1422 4146 1448 4212 2,
1466 4144 1528 4199 tat.

638 4424 747 4499 1213.
775 4426 833 4497 De
858 4450 884 4497 s.
912 4424 1157 4499 Willibrordo
1184 4428 1430 4524 (capurisso).

382 4654 410 4719 1.
437 4638 569 4721 Laudes
591 4651 742 4719 christo¹
1124 4630 1174 4697 0b
1196 4632 1439 4719 venerationem

446 4756 499 4821 die
522 4776 607 4823 nuno
628 4758 691 4824 isto
1123 4736 1227 4820 patris
1251 4736 1374 4817 eximii,

446 4858 615 4926 celebrent
638 4880 749 4928 omne.
1124 4838 1228 4904 milti
1251 4836 1468 4905 willibrordi.

444 4965 563 5049 ubique
585 4964 701 5033 fideles
1059 4969 1090 5032 2.
1122 4964 1216 5033 lluuc
1238 4966 1365 5033 coelitus
1386 4967 1522 5052 delapsa

443 5084 563 5154 ’ΜΕΝ
586 5068 728 5157 tripudio
988 5073 1008 5134 5
1125 5072 1251 5137 euiteus
1273 5072 1398 5139 notauit
1419 5072 1512 5152 luna,
