3892 6025
276 880 384 961 Nunc,
408 897 428 944 ο
450 885 576 962 martyr
599 876 662 943 deo
684 897 776 959 care,
954 877 1094 943 Praestet
1115 877 1179 942 hoc
1202 895 1273 942 cum
1296 885 1390 960 patre
1414 885 1509 942 natus
1540 879 1581 940 25

277 983 332 1046 iac
354 997 414 1044 nos
436 979 548 1044 hostes
571 979 738 1044 debellare
955 981 1049 1046 simul
1072 980 1238 1062 utriusque
1262 979 1375 1061 ssatus,

277 1087 517 1169 impungnantes
540 1082 637 1147 fidem
660 1082 796 1164 Christi,
955 1103 1092 1167 quorum
1116 1101 1240 1167 conpar
1263 1091 1315 1147 est
1336 1082 1507 1166 majestas,

279 1209 373 1272 quam
396 1186 538 1252 tenendo
560 1204 625 1252 non
648 1187 784 1252 cessisti.
955 1187 1060 1252 honor
1083 1205 1204 1270 perpes
1226 1193 1260 1250 et
1281 1193 1435 1270 potestas.
1461 1205 1562 1250 amen.

368 1369 414 1425 flu
433 1386 467 1423 zu
486 1367 579 1438 (irate,
597 1369 677 1439 tosta
696 1368 745 1422 des
765 1370 799 1422 14
816 1368 915 1426 Jahrb.

367 1490 500 1547 ibesser
519 1491 666 1546 vielleiuht
681 1490 758 1546 illus.
796 1494 830 1546 19
847 1492 936 1562 punis,
955 1493 1002 1547 rr..

535 1845 621 1918 922.
654 1842 791 1916 Cursus
813 1869 841 1915 s.
868 1845 977 1942 patris
1004 1846 1113 1916 nostri
1137 1844 1328 1917 Francisci.

728 2079 778 2151 ad
807 2077 942 2152 laudes.
977 2081 1135 2180 hymnus.
1259 2087 1265 2098 '

278 2249 401 2316 Plaude
424 2252 520 2314 turba
542 2248 757 2332 paupercula,
957 2251 1023 2316 Viti
1046 2259 1216 2316 contentus
1239 2251 1399 2336 tegmine,

277 2361 372 2438 patre
395 2352 496 2417 ditata
517 2372 682 2436 paupere,
741 2431 748 2436 .
957 2363 1071 2420 sancto
1091 2356 1258 2436 calescens
1282 2353 1409 2422 flamine
1544 2361 1584 2424 10

277 2455 383 2520 laudis
406 2455 544 2538 propina
566 2450 685 2537 pocula
956 2459 1035 2523 vicit
1058 2460 1218 2542 algorem,
1242 2469 1406 2542 caumata,

280 2576 374 2624 sacro
396 2559 555 2643 depressa
576 2561 686 2624 ubere.
882 2587 887 2596 ·
956 2559 1077 2626 Christi
1101 2564 1177 2627 dum
1197 2569 1307 2646 gestat
1328 2564 1488 2648 stigmata.

277 2752 340 2817 Hic
361 2754 514 2836 simliter,
538 2761 661 2834 rectus,
685 2752 829 2834 humilis,
883 2753 902 2813 5
957 2748 1071 2816 Crucis
1093 2751 1196 2816 virtus
1219 2759 1253 2816 et
1275 2753 1382 2834 gratia

278 2855 371 2938 pacis
392 2854 496 2920 uultur
519 2855 680 2938 amabilis,
700 2932 704 2939 ⁴
955 2872 1015 2918 nos
1039 2855 1208 2938 consignet
1230 2856 1262 2920 in
1285 2854 1443 2921 frontibus

279 2959 385 3023 lumen
407 2959 440 3023 in
463 2978 544 3024 vase
567 2957 657 3025 fictili
954 2961 987 3023 in
1010 2961 1160 3026 membris
1181 2969 1214 3027 et
1236 2962 1268 3026 in
1291 2962 1438 3028 sensibus
1543 2966 1581 3025 15

280 3062 411 3145 ardens,
433 3063 544 3128 lucens
566 3064 599 3126 in
618 3060 736 3145 fragili
955 3079 1017 3148 pro
1039 3064 1172 3146 perenni
1197 3064 1351 3129 custodia.
1432 3096 1439 3105 ·

613 3395 616 3400 >
680 3360 766 3433 923.
804 3362 855 3432 ad
879 3363 1025 3432 tertiam.
1061 3304 1220 3458 tyranus.

280 3558 393 3625 Crucis
416 3580 506 3625 arma
527 3557 686 3639 fulgentia
955 3558 1029 3623 haec
1045 3559 1269 3624 crucisarma
1292 3559 1445 3642 praebuit,

278 3660 360 3724 vidit
382 3658 575 3727 Franciscus
597 3659 777 3742 dormiens,
954 3656 1071 3743 quibus
1093 3660 1303 3727 Franciscum
1325 3660 1427 3725 induit

278 3760 441 3827 Christum
464 3762 623 3827 dicentem
646 3761 798 3827 audiens:
956 3762 1115 3828 adversus
1139 3763 1370 3828 adversarium.

181 3883 185 3892 ’
279 3871 356 3947 „tua
378 3876 472 3931 erunt
492 3866 565 3933 haec
589 3862 724 3931 omnia‚“

155 5029 157 5058 ⁹
276 5072 392 5143 cruos
415 5075 537 5143 cursu
560 5076 692 5144 aevoso
885 5079 905 5140 s

957 3952 1072 4020 Crucis
1095 3954 1255 4020 virtus‘et
1276 3954 1383 4038 gratia
1401 3961 1466 4021 etc.

279 4055 393 4122 Crucis
415 4058 466 4121 vis
489 4065 523 4122 et
545 4058 705 4140 refugium
884 4059 904 4119 5
1262 4050 1269 4062 ”

670 4354 756 4428 924.
789 4356 839 4427 aa
859 4327 1003 4426 sexam.
1034 4306 1215 4451 cymam(

278 4573 392 4639 Crucis
414 4584 545 4641 sacrata
565 4578 664 4643 lectio
954 4574 1122 4642 Francisci
1144 4576 1243 4641 traxit
1265 4574 1371 4640 studia

278 4689 327 4742 ter
349 4678 527 4746 Franciscu
550 4700 586 4746 se
609 4682 763 4764 praebuit,
956 4690 1134 4763 cunctaque
1158 4679 1409 4763 cordis·guudia

278 4782 351 4848 dum
374 4793 425 4848 ter
447 4786 564 4851 librum
586 4786 713 4870 aperuit
955 4804 1027 4850 cum
1050 4784 1136 4849 omni
1157 4783 1328 4851 desiderio.
1381 4868 1386 4877 ¹

275 4905 337 4969 pro
359 4890 488 4954 virtutis
511 4888 636 4956 indicio.

957 4974 1070 5041 Crucis
1093 4975 1196 5039 virtus
1209 4984 1253 5039 et
1276 4974 1383 5059 gratia
1405 4981 1466 5040 etc.
