3892 6025
363 711 429 775 8⁰2

363 895 476 962 Sunoti
498 896 601 980 petris
624 893 800 974 Florentii,
970 896 989 953 5
1044 891 1071 954 0
1094 911 1188 974 quam
1210 895 1337 974 mirum,
1362 890 1448 974 qnod
1472 891 1580 956 asinus

363 1002 460 1066 totius
483 998 590 1064 sordis
615 997 715 1064 neseii
1043 997 1074 1058 in
1098 995 1203 1079 planis
1227 1005 1259 1061 et
1281 996 1313 1060 iu
1336 995 1473 1060 collibus

361 1104 599 1185 virtutibusque
623 1100 745 1184 lloridi,
1044 1108 1108 1164 lem
1132 1101 1251 1178 currit,
1275 1119 1346 1166 cum
1365 1097 1551 1166 Florentius

364 1209 511 1272 ovinum
535 1207 615 1271 tenti
639 1207 760 1269 meriti!
1044 1220 1154 1282 regem
1178 1202 1260 1284 petil
1283 1220 1344 1284 pru
1367 1200 1505 1266 dotibus.

364 1397 458 1476 Quod
481 1396 611 1480 quondo
634 1397 747 1479 virgae
769 1395 881 1478 erigit,
1045 1393 1071 1457 0
1094 1393 1282 1460 admiranda
1302 1393 1443 1476 dignitas
1629 1396 1670 1455 25

363 1500 505 1564 ferarum
527 1498 622 1561 turbe
644 1496 781 1577 refugit,
950 1495 990 1555 10
1043 1503 1295 1580 postmortem,
1319 1515 1392 1578 quse
1415 1495 1474 1560 dne
1497 1495 1627 1579 pluvius

365 1601 417 1685 qui
440 1609 615 1664 venatores
638 1599 750 1683 eripit,
1045 1610 1078 1664 et
1101 1608 1310 1683 tempestates
1333 1600 1461 1682 mitiges

365 1721 446 1789 quos
468 1723 571 1788 parva
593 1701 842 1792 palusimbibit.
877 1701 890 1710 ’
1045 1711 1078 1768 et
1100 1704 1187 1788 plebi
1209 1723 1323 1787 paoem
1346 1704 1508 1786 impetras.

366 1895 392 1959 0
415 1895 486 1976 quie
508 1892 631 1957 audivit
654 1892 747 1971 tulis,
1044 1892 1124 1958 Cum
1147 1894 1250 1957 saneti
1271 1893 1374 1957 lertur
1397 1894 1564 1975 feretrum,

365 1996 452 2080 quod
476 2006 581 2076 muta,
605 2014 694 2059 ouon
716 1993 799 2075 filie,
1045 1995 1200 2061 infirmum
1224 2005 1318 2060 sanat
1339 2015 1475 2080 puerum
1628 1995 1671 2060 ³0

365 2121 435 2166 uum
456 2099 574 2164 Christi
598 2099 689 2162 venit
709 2106 867 2182 satrape,
950 2101 990 2160 15
1044 2100 1172 2184 repellit
1195 2107 1229 2163 et
1251 2098 1446 2180 incendium,

364 2204 401 2270 lit
421 2205 508 2289 putri
531 2207 612 2268 mira
633 2205 771 2270 nuntiet
1044 2211 1242 2268 contractum
1266 2221 1384 2266 curans
1406 2201 1601 2284 languidum.

364 2395 391 2461 0
414 2395 506 2460 firme
528 2393 627 2478 lideu,
649 2395 774 2460 rudium
953 2439 957 2448 ·
1044 2393 1155 2460 Gloria
1179 2394 1236 2458 tibi
1259 2393 1403 2473 domine,

364 2500 443 2564 solis
465 2518 538 2581 qnae
561 2498 620 2563 das
643 2506 708 2566 tem
728 2499 882 2582 solidum,
1043 2498 1075 2562 in
1098 2497 1190 2579 eujus
1213 2499 1268 2562 hie
1289 2498 1340 2562 vir
1362 2497 1490 2560 nornine

363 2609 399 2666 ut
421 2620 492 2665 enm
508 2601 620 2666 noscit
642 2599 859 2683 Florentium,
1041 2598 1150 2664 lebres
1173 2600 1266 2684 pellit
1289 2621 1308 2663 a
1332 2599 1447 2681 milite,
1627 2601 1668 2662 35

365 2722 554 2789 suspensum
575 2711 687 2788 portet
708 2704 848 2788 pellium.
947 2705 990 2768 20
1042 2724 1103 2788 pro
1126 2707 1219 2770 uobis
1242 2714 1306 2771 stet
1328 2713 1361 2770 et
1383 2704 1489 2770 hodie.
1522 2723 1623 2768 nmen.

454 2891 659 2962 Straeslrurger
677 2892 723 2947 Hs.
740 2893 771 2946 ll.
790 2893 834 2945 dd.
852 2893 895 2946 lll.
914 2893 956 2947 80.
978 2896 1010 2947 ll
1027 2893 1126 2949 Jalrrlr.
1164 2895 1262 2948 Diesee
1279 2893 1347 2948 Lied
1365 2892 1441 2948 steht
1464 2892 1540 2948 nieht
1557 2893 1585 2947 in
1605 2893 1666 2948 dem

359 2979 487 3052 jetzigen
506 2976 798 3050 osticium-proprium
817 2979 867 3035 des
886 2979 1007 3036 Bistnms
1026 2979 1216 3053 strumberg,
1234 2980 1358 3037 welelres
1376 2979 1448 3035 euelr
1466 2984 1547 3035 sonet
1564 2978 1665 3035 lreiuen

364 3067 490 3137 llymnus
509 3064 563 3120 suf
577 3065 673 3120 diesen
686 3065 816 3137 lleiligen
834 3065 890 3120 hut.
919 3066 973 3121 Die
987 3066 1090 3121 Kirelre
1110 3085 1166 3122 von
1179 3066 1303 3125 llasluclr
1322 3067 1393 3139 liegt
1411 3067 1438 3121 in
1458 3068 1548 3121 einem
1557 3065 1667 3121 Seiten·
1792 3064 1793 3071 ’

364 3152 443 3209 tlrale
461 3152 511 3206 der
532 3154 658 3207 Breuselr
675 3154 704 3207 in
722 3152 775 3207 den
793 3152 933 3224 Vogeeen.
969 3154 1095 3209 Breviar.
1114 3154 1267 3227 Argentor.
1287 3172 1312 3209 v.
1329 3156 1405 3209 1589.
1425 3147 1444 3209 l.
1463 3156 1522 3209 tul.
1550 3154 1666 3209 Audere

363 3241 497 3312 Ausgabe
517 3239 566 3296 dee
586 3241 819 3311 1511111101).

453 3364 487 3417 16
504 3362 568 3417 miri
586 3364 616 3417 Β.
653 3366 686 3415 17
704 3360 749 3416 liu
769 3360 811 3417 lir.
831 3364 860 3417 B.
900 3363 933 3415 18
950 3361 1075 3433 solisque
1095 3362 1124 3417 ll.

702 3754 788 3828 921.
825 3753 883 3825 De
909 3776 937 3825 1
963 3750 1143 3825 Floriano.
1169 3750 1329 3852 lrpmnns.

363 3994 455 4060 Laete
478 3997 585 4061 colant
608 3998 774 4063 christiani
1039 4016 1100 4061 nee
1123 3996 1290 4081 promissis
1311 4016 1372 4061 nee
1396 3999 1561 4063 tormentis

363 4100 479 4163 festum
503 4101 605 4165 saneti
626 4100 789 4182 Floriani,
1002 4120 1005 4127 ·
1040 4098 1135 4164 fidem
1158 4102 1237 4166 uiuit
1260 4098 1452 4166 confitentis.

363 4220 463 4286 preee
485 4203 576 4286 eujus
599 4204 804 4286 relaxentur,
1357 4188 1361 4205 ⁸

364 4306 418 4389 qui
439 4308 583 4390 pemati„
606 4308 817 4391 imponatur,
1020 4290 1139 4385 'Saepe
1162 4300 1285 4375 martyr
1307 4292 1513 4375 verberatus,

1040 4397 1131 4461 uncis
1155 4416 1272 4463 carnes
1295 4398 1475 4464 laceratus:

363 4497 422 4563 Ille
444 4499 525 4563 ritus
547 4516 748 4581 paganorum
800 4570 808 4586 ι
967 4502 986 4561 5
1042 4500 1155 4585 „deum
1179 4502 1262 4583 eolo,
1284 4501 1414 4584 dicens,
1438 4498 1585 4586 trinum“,
1615 4504 1665 4567 ’15

362 4600 395 4663 in
418 4611 596 4684 conspeetu
619 4610 829 4684 tyrannorum
1041 4605 1217 4671 conlutnvit
1238 4604 1442 4689 Aquilinum,

361 4704 455 4767 testie
478 4703 598 4768 Christi
621 4702 866 4789 condemnavit,

362 4806 455 4888 eujus
478 4806 574 4869 fidem
596 4806 795 4890 pruedioevit.
1042 4796 1148 4879 „Idem
1172 4797 1269 4877 ¹⁴⁸⁰i⁸r
1292 4794 1464 4878 Allffillssllr

1040 4898 1126 4981 quod
1149 4906 1333 4983 prementes
1354 4897 1467 4963 llorem
1491 4900 1608 4983 spineo,

362 4992 535 5079 Aquilinus
558 4994 633 5063 inde
655 4998 784 5083 dolens,
989 5068 991 5073 ,
1040 5002 1202 5085 puniendo
1224 5002 1345 5085 premis
1367 5002 1497 5084 llorem,

361 5100 412 5163 vir
432 5100 588 5185 profanus
608 5100 726 5170 Jouem
749 5104 877 5188 eolem,
945 5107 986 5169 lo
1040 5105 1146 5170 reddit
1167 5122 1301 5188 pressus
1323 5102 1385 5171 llos
1407 5100 1570 5170 odorem!
1622 5104 1663 5168 20
