3892 6025
262 849 449 935 Suppbirus
473 848 574 913 babet
595 846 738 931 speeiem
940 848 1093 933 Beryllus
1117 856 1169 914 est
1190 850 1424 936 lymphatious,

262 954 389 1021 eoelesti
412 952 529 1019 throno
551 950 704 1032 similem,
940 957 978 1015 ut
998 950 1051 1015 sol
1071 952 1105 1015 in
1127 970 1213 1034 aqua
1234 952 1401 1037 limpidus,

263 1056 415 1139 designat
437 1072 495 1121 eor
517 1052 708 1137 simplioium
847 1053 887 1116 15
941 1051 1063 1135 figurat
1087 1062 1163 1118 vota
1185 1055 1338 1120 mentium

262 1180 355 1244 spem
377 1166 500 1225 eertum
521 1153 795 1241 prestolandum,
940 1155 1073 1237 ingenio
1096 1155 1278 1239 saguntum,

263 1281 399 1346 quorum
420 1262 490 1326 vitu
512 1259 666 1345 operibus
940 1253 1013 1337 quta
1035 1256 1140 1338 mago
1162 1256 1253 1321 lubet
1273 1274 1402 1323 sumere

263 1366 445 1432 delectatur
468 1372 501 1430 et
521 1362 674 1428 moribus.
939 1357 1088 1442 pulobrae
1110 1358 1227 1441 quietis
1249 1361 1357 1425 otium

263 1578 501 1647 Obuleedonius
523 1572 678 1659 pallidam
940 1574 1103 1661 'lopezius
1126 1592 1190 1657 quo
1210 1576 1317 1641 rarior

260 1683 344 1767 ignis
365 1680 467 1745 babet
489 1676 648 1761 effigiem,
844 1672 886 1735 2⁰
939 1697 981 1745 eo
1003 1686 1055 1745 est
1075 1680 1270 1765 pretiosior,

261 1785 434 1851 subrutilat
455 1783 487 1846 in
510 1780 658 1866 probeo,
939 1785 1046 1851 nitore
1065 1788 1162 1852 rubet
1185 1787 1297 1869 griseo

260 1891 422 1971 fulgorem
444 1884 502 1950 dat
524 1886 556 1947 iu
579 1880 703 1962 nubilo,
939 1894 972 1951 et
991 1894 1128 1971 aspeotu
1149 1886 1296 1952 aetbereo

261 1994 413 2057 virtutem
435 1990 499 2053 lert
521 1984 664 2051 fidelium
940 1991 1201 2075 oontemplativae
1225 1990 1362 2055 solidum

262 2094 389 2160 oooulte
412 2090 641 2157 famulantium,
938 2094 1016 2159 vitm
1038 2104 1196 2161 monstrat
1218 2096 1368 2163 oilioium

260 2305 462 2389 Smmgdafl
481 2305 591 2369 virens
609 2302 739 2366 nimium
843 2298 885 2361 25
938 2308 1188 2395 Chrysoprasus
1210 2332 1394 2397 pur-putem

259 2408 316 2473 dut
338 2410 446 2473 lumen
469 2405 669 2488 oleaginum,
937 2414 1101 2479 auricolor
1124 2415 1358 2499 estanneio,

259 2520 310 2576 est
332 2508 417 2573 fides
439 2507 648 2589 integerrima
938 2516 1032 2600 eujus
1054 2515 1210 2599 splendor
1228 2518 1261 2581 in
1284 2517 1428 2583 tenebris

259 2612 302 2676 ad
325 2612 562 2675 omnebonum
585 2606 712 2690 patula,
937 2616 1083 2683 llammns
1106 2618 1235 2681 evibrat
1257 2618 1376 2700 oeulis,

259 2733 332 2795 quea
356 2730 518 2793 nunquam
541 2708 603 2773 soit
624 2706 766 2773 delibero
877 2748 881 2755 -
937 2720 1012 2787 hm
1033 2728 1085 2785 ent
1105 2720 1254 2803 perforata
1272 2720 1408 2802 carim,

260 2836 280 2879 a
300 2813 434 2898 pietalis
457 2829 567 2894 opert·
842 2807 885 2872 ³⁰
938 2841 1035 2905 quam
1057 2822 1159 2925 nullax
1168 2823 1285 2887 sternit
1306 2820 1429 2889 leuitas.

258 3028 436 3112 Sardonyx
459 3035 628 3108 oonstaus,
652 3024 801 3107 tricolor,
937 3035 1141 3120 Hyacinthus
1163 3043 1213 3100 ent
1237 3037 1411 3120 caemlens,

257 3136 357 3200 homo
379 3134 485 3198 fertur
506 3131 658 3210 interior,
938 3141 1048 3205 virore
1070 3139 1299 3221 medioximus,

259 3256 354 3322 quem
376 3233 528 3316 denigrat
550 3233 729 3316 humilitas,
938 3241 1031 3327 nujus
1055 3242 1176 3308 decora
1198 3243 1299 3308 fanins

257 3343 290 3404 in
312 3356 377 3422 quo
401 3338 538 3403 albescit
560 3337 696 3418 caritot,
938 3354 1078 3412 mutatur
1099 3355 1135 3411 ut
1158 3347 1348 3430 temperiem

259 3441 301 3504 ad
324 3438 506 3504 boltessldllss
528 3437 687 3502 cumulum
843 3435 885 3499 ³5
937 3450 1037 3515 vitam
1059 3451 1168 3532 signat
1190 3449 1372 3532 angelicam

260 3545 356 3608 rubet
378 3559 507 3626 quoque
529 3541 726 3623 martyrium.
940 3551 1134 3618 discretione
1156 3550 1335 3636 preditam.

259 3775 398 3842 Surdius
421 3784 471 3842 est
493 3777 666 3861 puniceus,
938 3778 1152 3863 Amethystus
1175 3779 1359 3865 praeoipuus

259 3880 353 3968 eujus
376 3881 467 3945 color
491 3880 711 3964 sanguineus.
939 3884 1049 3949 colore
1072 3881 1256 3965 violamus,

258 3991 403 4048 ostentat
425 3992 459 4048 et
480 3984 669 4066 martyrium
937 3986 1082 4053 flammas
1105 3987 1220 4053 emittit
1242 4006 1360 4053 aureus

258 4089 320 4152 rite
345 4088 603 4170 agonizantium
938 4091 1129 4174 notulasque
1151 4109 1354 4176 purpureas3

260 4198 372 4254 sextus
394 4196 446 4252 est
467 4191 501 4253 in
524 4188 689 4272 catalogo,
937 4193 1112 4278 praetendit
1134 4212 1194 4258 nor
1215 4195 1379 4259 humilium

261 4293 367 4356 oruois
390 4293 495 4356 baeret
516 4294 682 4376 mysterio.
938 4292 1069 4359 Christo
1092 4295 1374 4359 commorientium.

261 4521 438 4588 Aurieolor
460 4523 679 4606 obrysolitbus
936 4524 979 4590 lli
1001 4524 1136 4608 pretiosi
1158 4524 1285 4608 lapides

259 4625 415 4691 scintillat
437 4626 527 4691 velut
549 4627 711 4708 olibanus,
938 4627 1086 4691 carnales
1108 4627 1238 4708 signant
1261 4625 1422 4708 homines,

260 4727 436 4811 praetendit
457 4746 565 4794 mores
588 4731 748 4796 hominum
843 4731 884 4794 45
938 4730 1083 4794 colorum
1105 4737 1156 4793 est
1177 4728 1339 4809 varietas,

261 4829 408 4912 perleote
431 4831 639 4916 sapientium,
936 4832 1090 4896 virtutum
1112 4831 1345 4915 multiplicitas,

262 4935 316 5014 qui
337 4935 534 5017 septiformis
553 4937 672 5019 gratiae
938 4935 1128 5017 quicumque
1151 4933 1201 4996 bis
1219 4932 1381 5012 floruerit,

263 5053 357 5100 suero
379 5037 610 5121 splendesouut
626 5039 755 5124 jubare.
939 5039 1084 5102 concivis
1106 5055 1180 5102 esse
1202 5036 1330 5120 poterit.
